3234 5254
755 624 818 683 218

197 807 334 882 fabulae,
365 824 442 868 nam
465 824 530 869 non
552 812 630 870 sunt
652 812 736 884 apud
759 812 1002 872 Menandrum.”
1026 813 1067 872 Et
1087 813 1236 887 fortasse,
1261 829 1300 871 ne
1323 812 1374 871 illi

198 920 297 979 nimis
320 921 535 996 inexspectati
558 923 592 982 in
614 938 747 984 scenam
770 925 927 999 venirent,
953 926 986 983 in
1010 925 1114 998 priore
1134 928 1225 1000 parte
1244 925 1374 985 fabulae

197 1033 306 1108 posuit
346 1035 513 1110 quaedam,
550 1036 666 1109 quibus
702 1037 804 1096 animi
838 1039 1058 1111 spectatorum
1092 1041 1372 1112 praepararentur.

197 1146 241 1206 Eo
264 1150 410 1221 spectare
433 1148 560 1208 videtur
579 1149 725 1209 scholion
744 1150 838 1223 quale
858 1152 907 1210 est
928 1152 989 1211 hoc
1008 1151 1048 1210 ad
1068 1151 1092 1227 Ι,
1116 1153 1144 1226 1,
1166 1153 1226 1211 37:
1249 1151 1373 1227 „talem

197 1275 269 1320 esse
300 1261 507 1335 Pamphilum
538 1263 670 1322 adiuvat
697 1266 926 1337 argumentum
950 1264 1086 1340 fabulae,
1112 1266 1212 1325 simul
1236 1268 1268 1325 et
1291 1264 1371 1325 Cha-

196 1373 337 1433 rinum.”
368 1373 511 1448 Denique
541 1377 678 1452 fabulae,
711 1377 803 1436 cuius
834 1377 920 1451 prior
946 1393 1021 1451 pars
1045 1378 1124 1438 adeo
1148 1381 1236 1438 esset
1259 1379 1372 1453 ampli-

196 1485 301 1563 ficata,
326 1488 464 1548 alteram
488 1489 521 1548 in
544 1489 674 1549 brevius
697 1491 808 1550 debuit
831 1491 1029 1551 contrahere.
1056 1492 1128 1552 Sch.
1155 1493 1196 1552 ad
1219 1493 1256 1569 V,
1280 1493 1309 1567 2,
1331 1493 1371 1551 8:

199 1601 290 1675 ,vult
320 1603 407 1661 enim
437 1603 504 1662 iam
535 1605 630 1677 poeta
661 1605 889 1678 catastrophen
920 1604 1097 1679 patefieri.”
1125 1605 1218 1666 Certe
1242 1606 1276 1664 in
1298 1605 1372 1664 ulti·

196 1714 261 1772 mis
294 1715 426 1774 scholiis
460 1715 605 1776 Donatus
639 1717 824 1791 frequenter
858 1719 909 1778 his
944 1719 1068 1778 verbis:
1104 1721 1197 1794 ,post
1224 1733 1372 1792 compen-

197 1827 307 1886 dium”
350 1828 461 1888 utitur.
505 1829 595 1888 Idem
638 1830 671 1888 in
712 1830 866 1890 Eunucho
899 1831 1024 1890 factum
1058 1834 1118 1907 est,
1154 1847 1185 1891 v.
1221 1847 1291 1906 pag.
1328 1831 1373 1890 74

195 1940 292 2000 huius
314 1941 397 2000 libri.

242 2055 314 2115 Sch.
340 2056 380 2115 ad
402 2056 438 2131 V,
465 2058 494 2133 6,
519 2057 576 2115 13;
600 2058 695 2131 „quia
714 2057 867 2117 audacter
886 2059 919 2117 11
939 2056 1111 2117 artificiose
1131 2058 1224 2117 binos
1244 2072 1374 2117 amores

197 2172 333 2230 duorum
364 2170 619 2230 adolescentium
650 2173 683 2230 et
705 2170 798 2230 binas
822 2171 952 2245 nuptias
976 2172 1010 2231 in
1032 2187 1098 2230 una
1119 2171 1229 2230 iabula
1251 2171 1372 2231 machi-

196 2286 293 2344 natus
328 2287 387 2361 est,
424 2287 457 2344 et
487 2285 518 2343 id
550 2285 644 2344 extra
674 2286 909 2359 praescriptum
933 2285 1107 2360 Menandri,
1133 2286 1224 2345 cuius
1248 2301 1372 2344 comoe-

197 2400 285 2458 diam
315 2399 540 2472 transferebat,
572 2398 689 2458 idoirco
721 2399 808 2457 aliud
838 2399 872 2458 in
898 2398 1075 2474 proscenio
1100 2398 1187 2457 aliud
1210 2400 1283 2472 post
1305 2413 1372 2457 sce-

197 2528 274 2572 nam
298 2512 418 2586 retulit,
443 2527 484 2571 ne
507 2511 559 2570 vel
582 2512 668 2571 iusto
692 2512 817 2585 longior
839 2510 940 2588 fleret,
962 2513 1014 2572 vel
1034 2514 1068 2572 in
1089 2513 1224 2572 eandem
1243 2513 1374 2586 propter

197 2642 306 2688 rerum
330 2625 579 2717 similitudinem
603 2628 825 2700 cogerentur.”

242 2741 361 2801 Levius
393 2741 444 2799 est
473 2740 607 2799 tertium
631 2740 708 2799 hoc:
733 2740 834 2814 Mysis
858 2740 1027 2814 egrediens
1050 2741 1150 2800 simul
1173 2741 1373 2814 spectatores

198 2856 351 2916 certiores
381 2853 487 2913 reddit
517 2853 555 2912 de
585 2869 619 2912 re
647 2869 729 2927 quae
753 2857 803 2913 est
827 2855 860 2913 in
883 2854 1035 2914 manibus
1059 2856 1092 2914 et
1115 2854 1373 2914 facetiarum

198 2969 363 3042 aliquid
386 2966 504 3026 addit
528 2966 577 3036 (de
600 2966 716 3026 Lesbia
739 2966 921 3042 obstetrice,
947 2982 1046 3041 quam
1070 2967 1141 3027 ideo
1161 2965 1312 3040 Archylis
1333 2966 1373 3024 ad

197 3082 431 3157 parturientem
455 3078 641 3152 Glycerium
665 3082 818 3155 arcessat,
843 3081 927 3154 quod
951 3080 1053 3154 ipsius
1077 3080 1121 3139 sit
1145 3079 1371 3153 compotatrirr.

197 3213 228 3256 v.
253 3196 380 3266 schol).

242 3424 477 3483 Eunuchus
513 3423 551 3482 In
586 3421 752 3481 Menandri
786 3421 978 3481 Eunuchum
1010 3437 1052 3480 ex
1083 3421 1228 3480 eiusdem
1260 3420 1373 3482 Colace

198 3537 349 3598 translati
383 3539 460 3596 sunt
494 3536 589 3596 miles
617 3537 650 3595 et
672 3535 852 3609 parasitus3
877 3535 911 3594 in
935 3535 1049 3594 eadem
1072 3535 1182 3594 fabula
1205 3536 1288 3608 apud
1312 3536 1372 3594 Me-

197 3652 358 3712 nandrum
386 3649 528 3710 Chaerea
558 3648 818 3708 adolescentulus
842 3663 859 3706 e
884 3647 1016 3706 Thaidis
1039 3647 1172 3706 aedibus
1196 3648 1371 3722 egrediens,

197 3764 252 3825 ubi
282 3766 358 3823 voto
386 3779 444 3824 suo
469 3765 519 3822 est
541 3763 674 3837 potitus
699 3763 738 3820 de
761 3761 916 3820 felicitate
939 3775 999 3820 sua
1022 3761 1111 3820 solus
1135 3761 1306 3820 declamat.
1332 3761 1375 3820 At

198 3878 367 3938 Terentius
399 3891 519 3935 novam
549 3890 722 3949 personam
752 3874 973 3948 Antiphonem
997 3873 1130 3948 invenit,
1156 3873 1208 3933 cui
1232 3870 1374 3932 Chaerea

197 4008 267 4052 rem
298 3991 337 4052 ab
369 3990 461 4050 initio
493 3989 533 4049 ad
566 3987 665 4047 finem
695 3987 814 4046 vividis
845 3987 1031 4061 depingeret
1054 3986 1224 4046 coloribus.
1250 3986 1373 4045 Schol:

200 4108 300 4182 ,bene
334 4106 468 4165 inventa
501 4118 639 4179 persona
670 4104 721 4163 est
751 4103 802 4162 cui
832 4104 942 4161 narret
970 4101 1122 4176 Chaerea,
1147 4117 1188 4160 ne
1211 4116 1296 4160 unus
1320 4100 1374 4160 diu

196 4223 347 4294 loquatur
377 4221 415 4278 ut
446 4219 529 4294 apud
560 4217 803 4277 Menandrum.”
836 4217 907 4276 Non
937 4218 1007 4275 tarn
1038 4215 1121 4274 levis
1144 4215 1224 4274 haec
1247 4230 1300 4274 res
1322 4216 1374 4274 est

197 4350 296 4409 quam
319 4335 456 4393 videtur.
482 4332 671 4393 Conferatur
695 4331 782 4391 enim
806 4330 948 4390 Simonis
971 4330 1005 4388 in
1024 4329 1147 4390 Andria
1166 4328 1372 4402 soliloquium

198 4466 218 4510 a
252 4448 401 4507 Terentio
436 4446 470 4506 in
501 4445 696 4520 colloquium
727 4459 929 4520 conversum,
961 4445 1000 4503 ut
1029 4444 1183 4517 appareat
1212 4441 1374 4516 peculiare
