3254 5274
726 639 767 698 33

161 827 356 888 Scholiasta:
391 830 501 903 „grate
532 828 694 902 expressit
720 829 813 888 stulti
836 828 1007 888 infantiam
1030 829 1154 905 militis,
1180 831 1333 904 quiante

159 941 230 1000 vult
264 941 400 1016 intelligi
435 941 518 1015 quod
553 941 662 1016 sentit,
699 956 798 1014 quam
833 942 901 1015 ipse
938 943 1055 1002 dicat.”
1091 943 1333 1004 Eiusdemmodi

159 1055 276 1128 legitur
310 1055 491 1114 observatio
526 1055 567 1113 ad
600 1069 648 1113 vs.
685 1055 759 1129 412,
792 1055 847 1113 ubi
877 1055 924 1113 sic
955 1055 994 1114 de
1026 1069 1086 1115 sua
1112 1057 1196 1130 apud
1223 1073 1333 1132 regem

159 1169 263 1241 gratia
286 1165 416 1230 narrare
440 1168 561 1242 pergit:
720 1223 723 1233 .

624 1258 625 1262 ¹
769 1282 916 1341 Invidere
940 1298 1054 1342 omnes
1078 1283 1169 1358 mihi,

325 1395 467 1454 Mordere
491 1396 690 1454 clanculum:
716 1411 773 1468 ego
798 1411 862 1453 non
885 1395 976 1456 flocci
1000 1397 1155 1470 pendere:

325 1508 472 1568 Invidere
496 1523 610 1568 omnes
633 1508 723 1567 mihi.

162 1622 257 1696 „Mire
281 1625 332 1682 est
354 1615 441 1682 facta
463 1622 583 1681 nullius
602 1623 751 1696 ponderis
771 1623 921 1696 repetitio
941 1623 981 1682 ad
1001 1624 1152 1684 inertiam
1172 1625 1333 1699 loquentis

160 1735 436 1809 exprimendam.’'
468 1735 645 1794 Prudenter
679 1735 758 1794 haec
794 1735 966 1794 observata
999 1737 1165 1812 videntur;
1202 1740 1259 1799 sed
1292 1756 1333 1799 ne

160 1848 222 1907 illic
246 1848 376 1921 quidem
399 1847 527 1921 obloqui
551 1847 750 1907 scholiastae
775 1848 890 1922 ausim,
916 1848 971 1906 ubi
994 1852 1052 1917 (vs.
1078 1850 1153 1920 432)
1178 1852 1218 1911 ad
1241 1867 1332 1911 voca-

159 1962 269 2021 bulum
296 1962 466 2036 „emoriri”
491 1962 571 2020 haec
593 1961 659 2020 fere
682 1962 834 2019 annotat:
858 1961 996 2035 „vitiosa
1014 1961 1120 2021 forma
1140 1979 1202 2036 qua
1217 1966 1333 2025 militis

160 2076 299 2135 stultitia
333 2073 532 2150 significetur
566 2075 599 2134 et
633 2074 806 2149 rideatur”,
839 2074 915 2133 licet
945 2075 1049 2148 primo
1084 2080 1217 2150 aspectu
1251 2081 1333 2139 satis

160 2189 297 2248 absurda
328 2203 366 2247 ea
396 2188 578 2248 observatio
609 2187 711 2246 videri
742 2188 854 2260 possit.
888 2188 935 2247 sn
966 2203 1044 2248 sane
1072 2191 1246 2251 emoriri
1269 2208 1334 2252 non

159 2302 276 2360 vitiosa
306 2303 419 2376 forma,
452 2303 503 2360 est
533 2303 645 2360 tamen
675 2301 785 2360 minus
820 2301 950 2376 usitata,
984 2304 1017 2361 et
1048 2318 1103 2362 cur
1133 2304 1229 2364 miles
1260 2322 1333 2365 eam

160 2417 309 2476 adhibeat
343 2416 466 2476 nullam
501 2416 600 2475 aliam
636 2431 768 2474 causam
802 2416 896 2475 video
928 2432 1026 2489 quam
1057 2418 1232 2478 stultitiam
1263 2419 1333 2478 eius

159 2529 417 2603 barbariemque;
442 2545 601 2603 saepeque
625 2529 659 2588 in
682 2530 848 2590 comoedia
870 2545 972 2589 unum
992 2531 1119 2604 aliquod
1138 2532 1332 2591 vocabulum

160 2643 260 2702 rarius
281 2644 320 2702 ad
340 2643 558 2716 spectantium
578 2643 753 2702 cachinnos
774 2643 962 2702 excitandos
983 2643 1143 2703 efficacius
1163 2647 1214 2704 est
1233 2661 1329 2719 quam
1371 2667 1373 2674 ’

159 2755 252 2830 longa
275 2758 371 2830 atque
396 2757 591 2830 ineptiarum
614 2755 709 2828 plena
731 2756 903 2815 sententia.

201 2886 247 2930 vs.
274 2871 348 2930 406.
373 2870 478 2929 Verbo
501 2870 649 2928 nostin
673 2870 890 2942 interrogatus
915 2869 1041 2929 Gnatho
1066 2873 1253 2945 respondet:

996 2984 1063 3043 scio

302 3095 399 3170 Quasi
422 3097 476 3156 ubi
500 3096 590 3156 illam
614 3098 788 3169 exspueret
810 3097 978 3156 miseriam
1003 3113 1044 3156 ex
1068 3098 1186 3158 anime.

158 3209 217 3268 Hic
240 3210 316 3283 quid
339 3211 400 3269 sibi
423 3211 504 3269 velit
526 3210 719 3269 vocabulum
745 3210 812 3268 ubi
837 3211 972 3270 minime
995 3211 1149 3285 intelligo.
1174 3213 1223 3270 Ex
1242 3228 1329 3286 prae-

159 3323 282 3382 cedenti
301 3339 399 3382 versu
418 3323 586 3397 irrepsisse
607 3338 730 3397 censeo,
753 3323 805 3382 hic
824 3339 901 3382 vero
923 3326 1035 3399 „quasi
1056 3327 1119 3384 ut”
1140 3326 1329 3399 legendum:
1445 3309 1447 3315 Α

158 3435 203 3494 sic
226 3437 315 3495 enim
340 3437 472 3496 demum
495 3439 582 3496 recte
606 3437 756 3510 procedet
780 3437 892 3496 oratio.

203 3550 460 3624 „Perpaucorum
503 3551 672 3609 hominurn
715 3566 771 3608 rex
811 3552 882 3609 cst'’
918 3552 1045 3610 dixerat
1080 3551 1212 3611 Thraso.
1247 3552 1330 3611 Tum

159 3661 284 3722 Gnatho
309 3667 367 3733 (vs
393 3664 486 3734 409l:

654 3776 760 3835 Immo
784 3777 946 3836 nullorum
971 3777 1108 3836 arbitror

380 3890 413 3949 si
435 3892 544 3949 tecum
574 3890 663 3949 vivit.

160 4002 302 4063 Annotat
325 4003 521 4062 Scholiasta:
549 4003 629 4078 „hoc
656 4018 791 4062 aversus
814 4019 855 4062 ne
878 4004 973 4062 miles
997 4005 1138 4063 audiat.”
1163 4004 1270 4079 Recte,
1292 4008 1329 4064 ut

161 4116 276 4191 opinor,
301 4115 377 4176 licet
400 4117 486 4176 idern
511 4118 624 4176 addat:
651 4119 778 4191 „potest
801 4119 913 4175 tamen
934 4119 969 4176 et
992 4118 1085 4177 aliter
1108 4117 1275 4190 intelligi.'’

202 4228 353 4289 Narravit
386 4230 508 4290 Thraso
544 4230 703 4302 quomodo
739 4230 900 4302 quondam
935 4231 969 4289 in
1000 4245 1099 4289 coena
1129 4230 1327 4303 praefectum

163 4343 327 4416 quendam,
360 4358 379 4401 a
410 4358 471 4415 quo
504 4345 590 4401 esset
620 4343 800 4416 lacessitus,
834 4343 921 4401 ultus
952 4343 1004 4402 sit.
1036 4343 1207 4401 Exclamat
1234 4343 1326 4402 Para·

163 4453 240 4513 situs
265 4457 338 4524 (417
365 4461 440 4529 sq.):

1234 4563 1248 4604 a
