3234 5254
752 672 815 730 234

195 859 293 932 plicat
328 858 517 919 Scholiasta.
550 860 611 920 Sed
642 859 714 934 quis
744 875 888 932 unquam
919 859 966 917 sic
996 858 1123 917 locutus
1154 858 1205 915 ost
1228 857 1290 914 nisi
1313 831 1368 928 qui

195 974 332 1047 putaret,
358 976 390 1032 et
413 987 472 1032 suo
496 975 565 1033 iure
588 975 725 1048 putaret,
751 973 858 1032 maius
881 973 943 1031 sibi
967 971 1086 1044 aliquid
1111 986 1182 1030 esse
1207 969 1367 1042 agendum

195 1101 294 1158 quam
314 1086 448 1144 anxiam
471 1086 705 1161 grammaticae
728 1087 973 1161 praeceptorum
997 1083 1267 1144 observationem.

240 1310 280 1370 Et
308 1325 443 1385 possum
466 1311 588 1370 multas
612 1310 712 1370 etiam
735 1311 874 1368 virtutes
897 1309 1121 1380 virtutumque
1144 1305 1265 1365 similia
1287 1304 1370 1364 vitia

196 1440 237 1484 ex
259 1441 323 1484 uno
346 1424 498 1484 hocloco
521 1424 672 1497 proferre.
698 1424 759 1482 Sed
782 1423 862 1482 haec
885 1421 967 1481 mihi
990 1421 1136 1480 sufficere
1159 1419 1309 1477 videntur
1329 1418 1369 1476 ad

195 1537 492 1612 demonstrandum,
528 1537 560 1595 id
595 1537 678 1610 quod
712 1536 794 1594 mihi
829 1535 958 1609 quidem
990 1536 1040 1593 est
1070 1532 1367 1608 persuasissimum,

195 1665 298 1722 neque
329 1649 469 1708 Andriae
496 1649 707 1709 Menandreae
730 1649 899 1723 prologum
923 1664 1026 1720 neque
1049 1645 1235 1705 Perinthiae
1259 1645 1368 1703 actum

195 1764 335 1838 priorem
371 1779 442 1822 esse
476 1765 621 1838 potuisse
655 1766 726 1823 tam
761 1763 927 1838 egregium
957 1777 1057 1835 quam
1087 1761 1168 1819 haec
1199 1759 1249 1817 est
1281 1758 1369 1816 senis

196 1877 365 1950 liboriique
384 1877 569 1938 Terentiam
589 1877 813 1937 confabulatio.
835 1877 941 1949 Atque
961 1875 1014 1934 hio
1033 1873 1203 1934 Terentius
1224 1873 1256 1930 in
1277 1887 1315 1931 ea
1334 1887 1369 1930 re

196 1991 236 2048 ab
267 1991 397 2050 auctore
427 2005 486 2050 suo
509 1992 637 2050 recedit
668 2007 749 2065 quae
773 1989 1000 2050 tantummodo
1025 1989 1064 2047 ad
1087 1986 1215 2046 fabulae
1239 1985 1369 2043 initium

196 2103 364 2177 pertineat.
400 2104 491 2163 Nunc
525 2105 564 2164 de
599 2105 701 2164 altera
735 2105 790 2164 iila
822 2102 1037 2177 discrepantia
1067 2100 1254 2163 Terentium
1285 2104 1371 2163 inter

196 2218 469 2290 Menandrumque
504 2233 600 2291 agam
635 2220 732 2292 atque
762 2217 873 2277 lectori
904 2216 1096 2290 persuadere
1121 2218 1259 2277 conabor
1282 2217 1371 2276 itaa

196 2330 345 2390 Terentio
381 2331 548 2406 exemplar
582 2347 653 2391 esse
688 2332 901 2391 immutatum
935 2332 972 2388 ut
1006 2344 1047 2388 ex
1077 2330 1186 2389 fabula
1216 2331 1370 2390 mediocri

174 2425 175 2428 ¹
196 2445 324 2519 egregia
346 2445 692 2519 praestantissimaque
715 2445 874 2519 quaedam
897 2444 1093 2502 nasceretur.

243 2557 393 2632 „Charini
423 2559 619 2632 Byrriaeque
650 2559 827 2633 personae”
853 2557 1034 2616 Scholiasta
1057 2558 1103 2616 ait
1128 2558 1181 2633 „in
1205 2559 1370 2618 Menandri

196 2672 318 2731 Andria
349 2686 412 2731 non
439 2674 547 2731 erant:
573 2672 694 2732 addidit
717 2688 773 2732 eas
797 2672 999 2731 Terentius.”
1024 2671 1094 2731 Non
1117 2687 1194 2746 rogo
1218 2687 1304 2733 nunc
1325 2703 1369 2712 -

196 2785 228 2844 id
252 2785 290 2843 de
313 2801 375 2858 quo
398 2800 495 2844 nemo
518 2801 574 2859 pro
599 2787 685 2845 certo
709 2785 870 2844 affirmare
893 2785 1068 2858 quidquam
1091 2785 1196 2859 possit
1221 2819 1260 2826 -
1286 2786 1370 2844 unde

197 2913 252 2957 eas
283 2899 447 2958 sumserit.
477 2899 538 2959 Sed
561 2915 643 2973 quae
666 2899 763 2958 fuerit
786 2899 873 2958 illius
897 2898 1110 2957 additamenti
1133 2898 1184 2957 vis
1208 2913 1369 2971 exponam

198 3012 437 3086 comparatione
461 3013 602 3086 quadam
624 3013 834 3073 instituenda.
876 3069 878 3073 .

240 3126 337 3185 Pater
367 3127 498 3200 quidam
528 3127 600 3186 vult
630 3125 733 3197 fliium
760 3141 857 3185 suum
880 3125 1041 3200 virginem
1065 3126 1237 3201 quandam,
1264 3127 1369 3184 civem

197 3239 350 3315 Atticam,
375 3254 511 3298 uxorem
531 3240 663 3312 ducere;
684 3239 764 3299 haec
783 3240 813 3299 ei
832 3241 900 3298 stat
918 3239 1090 3298 sententia.
1110 3239 1155 3298 At
1174 3237 1260 3298 filius
1279 3239 1370 3298 illam

197 3369 262 3412 non
284 3352 364 3412 vult.
389 3352 512 3412 Tamen
535 3353 670 3412 simulat
689 3368 724 3412 se
743 3352 828 3427 patri
847 3367 973 3411 morem
993 3354 1171 3425 gesturum.
1193 3353 1263 3412 Hoc
1282 3353 1369 3411 enim

197 3465 227 3524 ei
257 3465 463 3525 mendacium
488 3467 728 3525 commendavit
751 3481 865 3526 servus
889 3466 967 3525 dum
990 3468 1101 3525 narrat
1123 3466 1260 3539 virginis
1282 3466 1369 3525 iliius

196 3580 323 3652 patrem
346 3579 413 3637 iam
436 3594 572 3652 negasse
596 3594 631 3638 se
654 3577 756 3638 filiam
779 3595 874 3639 suam
897 3580 1059 3653 daturum,
1085 3579 1238 3652 quoniam
1258 3594 1369 3652 cogno·

196 3692 281 3751 verit
310 3707 466 3765 generum
496 3693 557 3752 sibi
589 3693 788 3753 destinatum
811 3693 929 3753 habere
953 3693 1104 3752 amicam.
1129 3691 1235 3765 Atque
1259 3692 1293 3751 in
1315 3691 1369 3751 illo

197 3806 453 3866 commendando
493 3807 661 3866 mendacio
703 3807 764 3866 hoc
804 3821 884 3865 usus
926 3808 977 3866 est
1011 3820 1125 3866 servus
1160 3806 1368 3879 argumento:

199 3921 296 3995 „dum
330 3923 367 3980 tn
401 3921 574 3980 ducturum
608 3923 641 3981 te
675 3921 820 3996 simulas,
852 3935 1052 3993 uxoremque
1082 3920 1142 3978 tibi
1172 3919 1370 3978 destinatam

197 4034 273 4093 dare
303 4037 433 4095 recusat
461 4037 553 4110 pater
576 4036 655 4112 eius,
672 4037 803 4095 interea
827 4036 912 4094 certe
935 4035 1079 4093 invisum
1102 4033 1181 4092 illud
1204 4033 1369 4092 matrimo-

197 4149 289 4209 nium
320 4149 474 4226 differtur,
503 4152 602 4224 tuque
625 4164 759 4210 securus
783 4148 947 4208 amoribus
970 4149 1036 4206 tuis
1058 4147 1121 4206 frui
1144 4148 1237 4219 potes
1260 4146 1368 4204 iucun-

143 4273 147 4278 ’
197 4264 336 4336 damque
371 4263 461 4322 iilam
492 4279 566 4323 cum
598 4264 702 4323 amica
733 4264 790 4322 tua
813 4262 917 4321 vitam
940 4261 1145 4336 producere.”
1170 4259 1232 4318 Sed
1255 4273 1370 4333 parum

196 4375 341 4452 feliciter,
367 4376 469 4436 immo
492 4375 716 4456 infelicissime
737 4376 817 4435 haec
836 4375 981 4434 sollertia
1000 4375 1100 4434 cedit:
1122 4373 1370 4447 deprehenditur

197 4489 283 4566 servi
307 4489 407 4564 dolus,
432 4503 536 4562 neque
559 4488 734 4563 quidquam
756 4487 824 4547 iam
846 4488 949 4548 restat
972 4501 1071 4560 quam
1092 4487 1130 4546 ut
1151 4485 1370 4546 invitissimus
