3234 5254
720 661 781 722 161

157 847 220 906 Sed
251 848 304 907 vel
335 850 382 909 sic
411 850 624 910 iocantem
654 848 827 922 legendum
858 862 915 921 pro
939 846 1125 906 iocunde.
1151 847 1224 905 Non
1245 846 1333 906 enirn

156 962 243 1020 serio
267 965 324 1023 sed
347 965 416 1024 ioco
440 980 515 1023 oum
539 963 668 1024 asinum
692 961 876 1036 appellavit.

98 1062 100 1065 ¹
204 1079 258 1137 56.
708 1076 760 1135 An
783 1092 842 1150 ego
865 1076 1068 1136 occasionem

249 1191 327 1250 Mihi
346 1194 554 1268 ostentatam,
572 1194 641 1251 tam
654 1192 787 1250 brevem
799 1193 869 1250 tam
882 1191 1038 1264 optatam,
1052 1191 1122 1249 tam
1135 1190 1333 1264 insperatam

249 1305 470 1365 Amitterem?

157 1415 303 1477 Chaerea
333 1421 434 1493 rogat.
459 1421 659 1478 Annotatur:
687 1418 779 1493 ,vide
804 1419 925 1490 quanta
948 1416 1082 1491 dixerit;
1108 1432 1172 1477 non
1195 1419 1333 1478 volun-

157 1535 311 1608 tatem,
336 1533 393 1592 sed
416 1533 651 1600 occasionem.'’
676 1533 783 1613 immo
806 1531 1085 1604 voluptatem.

203 1759 257 1833 IV,
294 1761 320 1833 1,
357 1761 406 1819 11.
438 1759 566 1836 HeuS,
599 1776 715 1834 puer,
748 1758 1012 1842 Pamphilam
1045 1773 1215 1818 arcesse
1239 1759 1334 1817 miles

157 1873 214 1931 ait.
248 1872 447 1932 Annotatur:
476 1888 559 1948 ,non
582 1887 780 1946 provoca,
806 1873 862 1931 sed
886 1887 1073 1947 arcesse,
1099 1873 1261 1943 quianon
1285 1874 1335 1930 est

157 1989 274 2060 aptum
305 1986 433 2045 militi.'’
465 1986 595 2045 Nullam
625 2001 769 2059 unquam
799 1985 865 2044 vidi
893 1985 1162 2058 praestantiorem
1187 1985 1333 2044 emenda·

156 2099 283 2158 tionem
315 2115 412 2172 quam
443 2100 523 2158 haec
554 2101 604 2158 est
633 2099 867 2158 Westerhovii:
899 2114 1074 2173 ,n.p.s.-a.
1099 2099 1261 2171 quianon
1285 2100 1335 2157 est
1370 2134 1373 2140 ι

158 2213 266 2286 apud
297 2213 513 2271 militem.'’
545 2212 715 2286 Pamphila
746 2212 834 2271 enim
864 2212 996 2271 Thaidis
1023 2212 1111 2272 domi
1135 2213 1212 2288 erat,
1238 2214 1334 2284 atque

158 2325 234 2384 inde
258 2326 379 2384 arcessi
401 2327 528 2399 poterat
550 2341 615 2384 non
637 2326 820 2399 provocari:
842 2341 1056 2399 provocamus
1077 2326 1164 2385 enim
1185 2340 1260 2384 eum
1280 2324 1334 2398 qui

158 2439 330 2498 nobiscum
351 2441 401 2498 est
424 2439 457 2498 in
480 2439 596 2499 iisdem
620 2439 761 2498 aedibus.

206 2665 259 2741 IV,
275 2667 304 2741 3,
319 2667 348 2726 6.
373 2667 418 2726 Ut
430 2682 489 2740 ego
501 2667 661 2740 unguibus
673 2665 767 2726 facile
779 2666 825 2725 illi
839 2666 872 2725 in
884 2666 993 2727 oculos
1005 2667 1147 2727 involem
1159 2666 1311 2729 venefico.

158 2781 297 2854 Pythias
329 2781 383 2839 ait.
408 2781 607 2840 Annotatur:
635 2795 760 2856 ,nonne
785 2781 888 2840 credis
911 2781 1064 2854 Pythiam
1088 2782 1119 2840 id
1143 2783 1335 2842 comminari

158 2894 245 2966 quod
265 2909 285 2952 a
303 2893 428 2967 virgine
447 2895 556 2953 minus
575 2895 699 2954 factum
719 2895 786 2953 sit?
806 2894 889 2968 quod
905 2895 980 2968 quia
991 2895 1098 2969 puella
1109 2911 1173 2954 non
1185 2896 1290 2970 potuit
1298 2898 1334 2956 ?''

159 3007 400 3067 Obscurissima
419 3009 507 3067 haec.
528 3009 598 3068 Hoc
617 3009 723 3067 solum
736 3007 880 3082 intelligo
893 3009 1108 3068 Scholiastam
1121 3009 1154 3067 in
1166 3009 1334 3081 Pythiadis

158 3121 257 3180 dictis
281 3121 430 3181 obscoeni
454 3122 573 3195 aliquid
596 3122 697 3181 latere
721 3121 887 3195 suspicari.

206 3347 259 3423 IV,
285 3349 315 3423 4,
341 3349 393 3408 57.
419 3347 547 3406 Thais
570 3348 651 3409 iarn
675 3349 825 3419 aderit]
854 3350 953 3424 ,bene
977 3349 1060 3408 dixit
1083 3349 1239 3425 aderit,
1260 3349 1335 3408 huic

160 3437 248 3520 enim
274 3460 377 3520 aderit
400 3460 530 3520 Thais”
554 3460 643 3520 Haec
666 3462 741 3534 quid
764 3462 825 3520 sibi
848 3462 985 3522 volunt?

207 3574 316 3647 Neque
351 3575 456 3648 magis
490 3574 696 3648 perspicuum
727 3577 778 3634 est
808 3576 890 3649 quod
922 3577 962 3634 ad
993 3577 1089 3649 quia
1121 3592 1209 3636 cum
1240 3577 1335 3636 inde

160 3688 263 3746 abeo
306 3689 495 3748 annotatur:
538 3689 656 3762 ,aliam
691 3703 824 3747 causam
859 3704 900 3747 ex
934 3689 998 3748 alia
1031 3691 1208 3766 supposuit,
1244 3692 1337 3764 quasi

160 3801 283 3860 diceret
305 3802 428 3860 video
460 3802 662 3861 oausam.''

207 4028 260 4104 IV,
295 4029 323 4102 7,
358 4031 387 4087 6.
420 4028 597 4101 Postquam
629 4029 751 4087 dictum
783 4030 833 4087 est
861 4028 1064 4102 manipulum
1088 4045 1159 4088 esse
1183 4030 1242 4088 sub
1267 4045 1335 4088 oen-

160 4140 298 4216 turione,
324 4140 485 4213 sequitur:
510 4141 645 4215 ,merito
666 4157 740 4215 ergo
761 4141 982 4200 centurionem
1002 4143 1115 4201 videns
1134 4143 1337 4216 manipulum

162 4254 368 4329 desideravit,
404 4254 465 4313 hoc
496 4257 546 4312 est
577 4269 715 4327 coquum
745 4255 860 4314 videns
892 4256 1045 4316 convivas
1076 4256 1251 4315 desiderat:
1284 4256 1338 4328 qui

163 4369 385 4443 apparaverat,
417 4367 543 4440 quoties
571 4368 660 4426 locus
684 4369 785 4444 affuit,
810 4369 842 4427 id
867 4371 917 4427 est
940 4369 1125 4427 convivium
1149 4371 1199 4427 est
1223 4370 1337 4428 consti-

163 4482 305 4539 tutum.‘'
348 4481 472 4555 Augiae
510 4482 570 4541 hoc
608 4483 773 4541 stabulum
811 4482 946 4558 videtur,
987 4484 1042 4541 sed
1080 4486 1235 4557 purgatur
1272 4485 1338 4544 fere

1235 4589 1260 4631 n
