3234 5254
753 638 815 696 206

905 821 1023 882 Omnia
1044 821 1125 882 haec

329 938 426 998 Illum
449 940 562 1012 putato
586 952 667 1010 quae
691 951 749 1010 ego
773 952 859 997 66116
881 937 952 996 dieo
976 938 1090 999 dicere.

328 1052 395 1111 Aut
421 1053 551 1124 quidem
575 1067 650 1110 oum
673 1066 773 1110 uxore
797 1052 858 1110 1166
881 1051 989 1125 ipsum
1013 1053 1185 1126 prohibebo
1211 1052 1315 1110 domo.

249 1161 302 1224 Ge.
326 1164 434 1224 Iratus
457 1166 516 1224 est.
541 1164 597 1226 Pla
622 1164 704 1224 Tute
727 1164 813 1223 idem
836 1164 954 1224 melius
988 1165 1114 1225 feceris.

195 1277 245 1335 Ad
275 1278 367 1336 tute
397 1278 506 1338 idem
533 1278 688 1338 melius
710 1277 869 1336 feceris
893 1280 1083 1338 annotatur:
1111 1278 1220 1354 „loeus
1244 1280 1294 1337 est
1317 1278 1373 1336 hie

198 1392 234 1449 ut
267 1390 418 1450 ostendat
450 1391 602 1450 Phormio
637 1391 675 1450 de
710 1392 877 1465 compacto
909 1391 1014 1465 egisse
1046 1407 1120 1451 cum
1152 1391 1372 1465 Antiphone.’'

198 1501 287 1577 Quid,
308 1518 437 1579 quaeso,
458 1505 539 1563 11666
557 1505 619 1563 sibi
638 1504 775 1563 volunt?
794 1503 970 1579 Pertinent,
991 1506 1029 1564 ut
1048 1506 1168 1580 opinor,
1191 1505 1231 1564 ad
1250 1521 1298 1564 vs,
1317 1505 1373 1578 78,

197 1617 310 1688 estque
329 1616 409 1676 11666
428 1618 606 1676 sententia:
630 1618 730 1692 ,11666
749 1632 851 1677 senex
871 1617 946 1677 dicit
966 1618 1003 1676 ut
1022 1617 1183 1692 significet
1203 1617 1374 1680 collusisse

195 1729 426 1789 Phormionem
460 1732 493 1789 et
523 1730 775 1805 Antiphonem.”
807 1730 891 1804 Lege
923 1746 997 1805 ergo
1029 1731 1285 1791 ostendatur
1315 1747 1374 1805 pro

198 1844 408 1904 ostendat.

242 2072 298 2147 ΙΙΙ,
327 2072 354 2147 1,
382 2072 432 2130 10.
456 2072 598 2146 Antipho
622 2071 738 2131 Getam
761 2073 869 2144 rogat:
897 2071 1073 2146 „numquid
1092 2071 1177 2145 patri
1198 2071 1372 2130 subolet?’'

197 2184 397 2244 Annotatur:
425 2184 504 2260 „sub
527 2185 752 2244 convenientia
775 2200 835 2244 sua
855 2187 887 2243 et
906 2184 1111 2246 Phormionis
1131 2185 1241 2244 dicit.”
1265 2185 1373 2243 Immo

199 2313 324 2372 super
348 2301 402 2367 l:
424 2298 480 2368 de)
504 2313 569 2357 non
592 2299 677 2357 sub.

243 2523 300 2599 III,
326 2525 355 2600 3,
382 2525 411 2583 7.
437 2522 538 2597 Quid
557 2524 747 2594 16616161]
771 2524 935 2599 „comiteq
958 2524 1108 2597 quamvis
1126 2526 1263 2598 uterque
1282 2524 1373 2584 intel·

199 2638 288 2712 ligat,
332 2637 406 2710 quid
448 2639 603 2697 alteruter
644 2638 738 2712 dicat,
775 2637 983 2697 dissimulant
1017 2638 1160 2697 tamen.'’
1196 2638 1375 2697 Verissime

199 2751 445 2810 Westerhovius
474 2763 532 2825 pro
560 2751 739 2811 comiter
760 2751 933 2825 legendum
957 2766 1028 2810 esse
1053 2751 1210 2811 comice
1235 2752 1372 2826 putavit.

244 2978 297 3054 IV,
329 2980 359 3055 3,
390 2979 440 3038 18.
461 2978 597 3038 Herus
620 2978 820 3037 liberalis
845 2979 910 3036 est
933 2980 974 3037 61
997 2978 1192 3052 fugitans
1215 2978 1372 3048 litium]

203 3093 315 3168 „quasi
345 3092 429 3166 quod
459 3091 531 3152 vult
561 3092 595 3150 in
625 3092 755 3151 domiuo
782 3092 898 3166 faeere,
926 3092 958 3150 id
981 3091 1049 3151 iam
1072 3092 1106 3150 in
1129 3107 1166 3152 eo
1191 3107 1263 3150 esse
1287 3092 1373 3166 dioit,

199 3221 394 3280 praeparans
424 3205 591 3264 hominem
623 3205 662 3264 ad
694 3206 917 3279 contemptum
940 3205 1095 3278 pecuniae
1119 3220 1200 3278 quae
1224 3206 1375 3279 poscetur

200 3319 346 3378 statim.'’
389 3319 473 3392 Lege
511 3319 722 3378 dominum
752 3334 809 3392 pro
841 3319 882 3376 in
913 3319 1090 3377 domino.
1123 3318 1204 3377 Geta
1234 3318 1376 3391 loquitur

200 3433 370 3505 tamquam
400 3431 536 3490 iamiam
565 3432 710 3492 facturus
741 3432 785 3490 sit
816 3431 966 3491 dominus
996 3430 1029 3489 id
1059 3432 1143 3505 quod
1171 3446 1246 3490 eum
1269 3431 1375 3490 166616

201 3545 318 3619 cupiat.

246 3772 298 3847 IV,
331 3772 361 3848 4,
395 3773 424 3832 2.
458 3818 472 3847 ,‚
599 3772 670 3832 ideo
705 3773 817 3831 autem
851 3772 1063 3846 subambigue
1098 3772 1226 3832 locutus
1257 3775 1308 3832 est
1337 3776 1375 3832 ut

202 3901 406 3960 nequaquam
434 3888 545 3960 posset
572 3886 666 3946 aliter
689 3887 893 3960 interpretari
917 3901 936 3945 a
960 3885 1048 3961 Geta,
1074 3886 1128 3958 qui
1151 3887 1372 3961 respondebit:

202 4000 346 4060 neseio
366 4000 518 4075 1161616,
539 4001 706 4060 tantum
725 4000 871 4058 iussus
890 4000 1012 4058 sum.'’
1036 3999 1374 4060 11611616161116666

202 4115 318 4187 aliquis
342 4116 491 4189 ambigue
514 4115 655 4188 loquitur
677 4117 715 4174 ut
738 4114 820 4174 alter
844 4118 917 4184 (uno
938 4114 1033 4173 modo
1053 4115 1183 4173 tantum
1203 4115 1373 4187 6111166116-

203 4244 304 4301 quam
335 4229 428 4287 aliter
461 4228 667 4302 interpretari
704 4227 830 4301 possit?
863 4228 999 4286 Prorsus
1031 4229 1229 4286 eontrarium
1260 4242 1374 4287 verum

202 4357 274 4402 esse
293 4343 414 4417 opinor.
434 4342 570 4402 Latetne
585 4342 724 4401 fortasse
744 4357 921 4414 nequam
941 4342 974 4400 in
992 4343 1279 4416 nequaquam?
1291 4342 1375 4400 Nam

202 4459 288 4516 recte
318 4457 589 4531 praepositionem
620 4472 641 4515 6
671 4456 746 4516 ante
778 4455 881 4514 Geta
911 4455 1031 4514 delevit
1056 4455 1265 4530 Wielingius:
1289 4455 1375 4514 servi
