3254 5274
817 669 836 726 5

239 874 381 932 unquam
402 858 519 917 eam?”
540 856 671 916 Meliora
691 871 766 915 eum
782 856 908 915 docebit
921 856 1101 916 Scholiasta
1112 857 1173 916 hac
1185 858 1409 918 annotatione:

242 975 321 1049 „hoc
344 973 473 1032 videtur
491 988 555 1032 non
576 985 647 1030 esse
667 971 874 1046 contrarium,
896 971 952 1030 sed
973 973 1031 1030 est.
1052 970 1136 1031 Nam
1156 972 1281 1031 dubitat
1299 975 1410 1032 utrum

239 1086 420 1147 meretricis
461 1085 718 1145 satisfactionem
761 1085 929 1158 exspectet
970 1100 1012 1144 an
1053 1084 1143 1144 illam
1181 1085 1312 1146 omnino
1347 1102 1411 1146 non

240 1198 1411 1276 quaerat.'’]iltenimillaparsnenuncquidemquomarcessor

239 1315 352 1375 ultro
383 1314 452 1374 vim
479 1313 570 1373 habit
595 1312 821 1389 „positivam”,
848 1327 922 1371 cum
945 1312 1025 1372 haec
1048 1312 1092 1371 sit
1113 1313 1275 1386 loquentis
1298 1329 1409 1373 mens:

241 1446 346 1506 „nunc
369 1431 455 1490 certe
479 1428 561 1488 mihi
585 1429 726 1487 eundum
749 1428 831 1486 est”.

283 1545 352 1605 Hoc
383 1559 507 1618 quoque
539 1543 665 1618 egregie
697 1541 878 1602 Scholiasta
909 1543 1060 1602 observat
1090 1543 1245 1602 vocabulo
1276 1542 1411 1617 igitur

238 1659 429 1735 significari:
464 1659 589 1735 „multa
615 1656 752 1718 tacitum
777 1657 936 1732 cogitasse
960 1657 1199 1717 adolescentem
1223 1660 1256 1718 et
1278 1658 1411 1718 tandem

238 1775 272 1833 in
301 1775 382 1833 haec
411 1774 511 1833 verba
540 1772 744 1846 prorupisse'’
772 1773 810 1830 ut
832 1772 987 1831 vocabulo
1010 1763 1070 1830 εἶτα
1094 1771 1177 1846 apud
1201 1773 1411 1831 Menandrum

239 1888 273 1947 in
295 1879 355 1946 εἶτα
379 1886 407 1945 τί
427 1885 559 1962 ποιήσω

282 2016 330 2062 vs.
356 2001 396 2061 47
422 2016 490 2075 sqq.
685 2015 727 2059 an
749 1999 856 2073 potius
880 1999 926 2059 ita
949 2014 1002 2058 me
1026 2015 1210 2074 comparem

370 2115 441 2175 Non
463 2113 587 2189 perpeti
611 2113 821 2173 meretricum
845 2113 1074 2174 contumelias:

370 2229 526 2303 Exclusit,
551 2230 692 2303 revocat,
717 2228 872 2286 redeam?
895 2243 968 2303 non,
994 2228 1022 2286 si
1045 2243 1099 2287 me
1122 2229 1293 2288 obsecret?

237 2342 437 2403 Vocabulum
461 2341 521 2400 ita
543 2341 637 2401 unice
661 2356 736 2400 cum
759 2339 800 2400 iis
823 2356 905 2414 quae
928 2356 1026 2400 versu
1048 2342 1090 2401 49
1110 2341 1261 2416 leguntur
1280 2343 1410 2416 iungen-

237 2459 315 2518 dum
346 2459 405 2532 est,
437 2459 475 2516 ut
504 2456 662 2516 Phaedria
691 2455 794 2515 dicat:
829 2471 890 2531 „an
920 2455 1027 2530 potius
1057 2472 1111 2515 me
1139 2472 1323 2531 comparem
1346 2473 1411 2518 non

238 2573 361 2648 perpeti
392 2571 602 2631 meretricum
634 2569 848 2630 contumelias
878 2571 940 2629 ita
965 2570 1191 2644 loquendo:
1217 2573 1409 2632 exclusit...

238 2688 427 2748 obsecret?''
451 2686 536 2745 Nam
559 2686 587 2745 si
611 2685 783 2760 iungamus
807 2686 868 2744 ita
892 2702 952 2745 me
976 2701 1229 2761 comparem,
1254 2688 1311 2746 vix
1334 2687 1411 2746 ferri

237 2801 340 2876 possit
362 2799 542 2861 infinitivus
565 2801 741 2874 perpeti.
767 2799 805 2859 cf.
830 2815 879 2859 vs.
905 2800 986 2859 240:

327 2915 396 2975 itan
418 2914 542 2989 parasti
564 2916 598 2973 te
620 2915 666 2973 ut
688 2929 763 2988 spes
786 2913 875 2973 nulla
897 2913 1018 2973 relicua
1041 2915 1074 2972 in
1096 2916 1130 2974 te
1154 2915 1213 2973 sit
1235 2914 1317 2973 tibi?

281 3045 329 3089 vs.
355 3031 407 3105 50,
433 3045 495 3103 quo
518 3029 677 3089 Parmeno
701 3030 888 3102 respondet:

370 3144 403 3203 Si
428 3142 557 3218 quidem
580 3143 688 3203 hercle
710 3144 825 3218 possis,
850 3143 896 3203 nil
919 3144 1007 3217 prius
1031 3158 1133 3217 neque
1156 3143 1272 3203 fortius

238 3259 285 3318 sic
307 3259 374 3319 fere
398 3257 518 3318 Graece
543 3260 594 3318 est
616 3257 807 3318 vertendus:

501 3370 553 3432 ἐὰν
577 3372 653 3456 δύνῃ
673 3380 717 3451 ᾗτε·
742 3380 827 3431 τοῦτο
852 3369 906 3451 γὰρ
930 3365 1053 3430 κάλλιστ’
1079 3369 1142 3448 ἔχει.

238 3488 308 3548 Non
339 3488 426 3548 enim
456 3488 493 3547 si
524 3488 689 3561 quidem
720 3487 863 3546 hercle
894 3485 1036 3561 possis
1064 3486 1245 3545 sententiae
1269 3487 1319 3545 est
1342 3502 1409 3560 pro·

236 3603 327 3678 tasis
361 3605 394 3662 et
423 3602 483 3663 nil
509 3603 628 3677 prius
652 3617 785 3675 neque
808 3601 967 3662 fortius
992 3601 1149 3676 apodosis.
1174 3601 1410 3675 Respondentis
1444 3583 1446 3586 ⁵

238 3719 289 3776 est
312 3717 464 3776 Latinum
489 3717 655 3790 quidem
678 3717 715 3776 ut
738 3715 896 3776 Graecum
920 3736 961 3793 γε.

282 3833 324 3892 56
348 3846 416 3904 sqq.

326 3945 424 4004 Proin
446 3947 491 4021 tu,
517 3945 595 4004 dum
619 3947 671 4004 est
693 3947 832 4018 tempus,
858 3943 958 4002 etiam
982 3944 1078 4016 atque
1103 3941 1204 4001 etiam
1227 3942 1341 4016 cogita,

326 4060 396 4135 Ere,
422 4075 504 4133 quae
527 4075 579 4118 res
602 4059 636 4118 in
659 4074 695 4118 se
719 4073 822 4131 neque
846 4056 1016 4117 consilium
1040 4071 1143 4130 neque
1166 4055 1299 4114 modum

327 4173 433 4233 Habet
459 4173 572 4250 ullum,
598 4189 671 4233 eam
695 4173 827 4233 consilio
850 4187 960 4246 regere
984 4186 1048 4230 non
1070 4171 1171 4244 potes.

282 4287 416 4362 Egregie
445 4302 494 4347 vs.
528 4288 568 4347 57
601 4287 634 4346 in
665 4286 773 4346 media
804 4285 996 4345 allocutione
1026 4283 1195 4342 vocativus
1223 4297 1290 4341 ere
1314 4281 1408 4340 inter·

238 4402 384 4475 ponitur:
405 4402 452 4460 sio
471 4399 559 4460 enim
578 4401 752 4474 loquuntur
772 4399 914 4473 quirem
934 4412 1076 4473 gravem,
1098 4396 1268 4469 sapiensve
1287 4394 1410 4453 dictum

240 4515 317 4574 sunt
340 4513 478 4575 allaturi.
