3230 5260
763 653 804 710 95

195 840 401 912 supervenit:
433 854 552 899 nomen
583 841 696 912 aptum
729 837 925 912 imprudenti
948 852 1057 896 rerum
1080 839 1177 910 atque
1200 837 1306 898 alieno
1330 837 1369 898 ab

196 965 311 1012 earum
334 953 503 1012 scientia.‘’

243 1066 316 1131 111.
358 1068 542 1128 Admonere
577 1067 732 1127 lectorem
767 1081 934 1140 nunquam
968 1065 1103 1140 negligit
1137 1067 1262 1125 certum
1297 1082 1369 1126 esse

195 1183 360 1241 certorum
412 1181 496 1255 apud
545 1181 730 1240 'l'erentium
778 1156 950 1240 verborum
995 1178 1206 1252 braviumque
1251 1179 1369 1239 formu·

194 1295 303 1354 larum
334 1295 485 1354 colorem.
517 1293 727 1368 Praecipuum
758 1293 855 1352 huius
885 1293 1049 1352 doctrinae
1079 1295 1206 1367 partem
1229 1293 1370 1353 breviter

196 1408 250 1467 hic
291 1423 468 1482 proponam
510 1411 543 1467 et
584 1410 741 1481 quantum
785 1422 865 1481 opus
907 1408 958 1466 est
997 1406 1175 1466 illustrabo.
1212 1406 1370 1480 Quoniam

196 1524 309 1581 autem
332 1521 406 1580 aliis
429 1521 508 1581 locis
531 1520 604 1580 aliis
627 1521 665 1580 de
685 1520 798 1580 eadem
818 1535 852 1579 re
871 1519 975 1579 utitur
993 1518 1260 1610 verbispsemper
1280 1519 1371 1579 illam

196 1633 442 1694 annotationem
476 1632 626 1704 αὐτολεξεί
659 1633 764 1693 citabo
798 1633 853 1692 ubi
884 1633 966 1690 mihi
1001 1632 1236 1692 disertissimus
1270 1633 1371 1694 fuisse

197 1747 380 1807 Scholiasta
402 1747 539 1808 videtur.

242 1862 445 1921 Putabam
468 1862 497 1920 is
517 1861 595 1921 dicit
613 1861 667 1934 qui
686 1862 793 1920 semet
811 1860 939 1920 incusat
958 1860 1042 1933 quod
1061 1860 1199 1934 turpiter
1220 1876 1256 1920 se
1268 1861 1371 1935 decipi

196 1990 315 2049 passus
338 1976 391 2035 sit.

347 2090 436 2148 Haec
458 2105 517 2163 ogo
540 2089 694 2162 putabam
718 2103 790 2147 esse
813 2087 923 2147 omnia
946 2087 1081 2147 humani
1105 2087 1215 2162 ingeni

348 2203 570 2276 Mansuetique
597 2203 698 2262 animi
722 2201 835 2261 officia.

199 2317 245 2376 ita
275 2331 350 2375 cum
381 2316 505 2390 gemitu
532 2316 570 2375 de
594 2331 654 2375 sua
676 2311 787 2375 narrat
809 2315 950 2375 stultitia
973 2315 1062 2374 Simo
1087 2315 1195 2385 (Andr.
1225 2317 1287 2376 113
1311 2321 1370 2390 sq.)

199 2431 396 2503 annotatque
438 2429 635 2489 Scholiasta:
674 2429 848 2504 „Putare
883 2431 933 2488 est
968 2429 1037 2488 eius
1071 2429 1126 2502 qui
1162 2430 1371 2505 simplicitate

199 2544 338 2616 pectoris
361 2543 555 2603 oberravit.’'

242 2657 344 2716 Atat
366 2655 529 2720 exclamat
552 2656 581 2714 is
603 2655 658 2728 qui
678 2655 857 2729 intelligere
876 2655 988 2729 incipit
1007 2655 1221 2716 infortunium
1242 2656 1370 2729 aliquod

199 2770 256 2827 aut
277 2770 406 2842 praesto
430 2769 543 2828 adesse
567 2770 623 2827 aut
646 2768 908 2842 appropinquare.
935 2770 983 2843 „A
1008 2743 1381 2846 00110001111111111011,Ι

199 2897 261 2954 quo
306 2883 343 2940 ut
376 2881 479 2941 abiret
512 2882 570 2940 vix
604 2884 654 2941 est
688 2882 870 2956 perductus,
906 2883 1059 2956 suspicax
1093 2883 1148 2943 ille
1183 2883 1370 2944 adolescens

199 2993 353 3054 Chremes
377 2995 504 3054 rediens
528 2995 607 3054 haec
630 3010 743 3054 secum
765 2995 904 3054 balbutit
927 2994 1016 3065 (Eun.
1041 2996 1135 3066 72711

287 3110 367 3168 Atat
385 3108 461 3167 data
480 3108 586 3167 hercle
605 3109 704 3167 verba
722 3108 804 3167 mihi
821 3111 908 3184 sunt,
929 3109 1009 3168 vicit
1027 3109 1141 3169 vinum
1161 3110 1244 3183 quod
1264 3109 1339 3170 bibi.

199 3221 243 3280 Ut
262 3222 363 3280 oculis
384 3237 459 3280 eum
479 3221 675 3295 aspiciamus
687 3223 881 3294 auribusque
894 3223 1064 3282 audiamus
1076 3223 1157 3282 haec
1171 3223 1371 3284 Scholiastae

199 3335 276 3395 10011
299 3335 481 3395 annotatio:
510 3337 629 3408 „Atat
651 3335 831 3395 interiectio
855 3338 906 3396 est
927 3337 1086 3410 paulatim
1108 3338 1251 3412 percepti
1274 3340 1371 3412 atque

201 3447 356 3507 intellecti
378 3448 491 3508 mali.”
508 3441 527 3517 ¹)

244 3561 375 3620 Hodie
405 3576 477 3621 raro
508 3564 637 3635 tempus
661 3562 798 3622 indicat:
823 3563 1012 3637 plerumque
1035 3572 1086 3641 τῆς
1109 3561 1262 3641 ἐμφάσεως
1285 3563 1371 3625 ἕνεκα

200 3676 326 3734 additur
361 3690 436 3734 cum
467 3674 582 3748 aliquis
614 3678 670 3736 aut
700 3677 853 3753 minatur,
887 3680 944 3737 aut
972 3679 1040 3738 iore
1064 3679 1183 3754 aliquid
1205 3681 1371 3740 factumve

200 3805 271 3848 esse
294 3803 351 3862 pro
376 3791 462 3848 certo
486 3789 627 3848 affirmat
649 3791 896 3863 pertinaciterve
919 3793 1025 3866 negat.
1049 3793 1108 3852 Ad.
1134 3794 1197 3853 215
1220 3794 1308 3853 male
1331 3794 1370 3852 ab

201 3903 438 3962 adolescentulo
472 3904 633 3963 Aeschino
668 3905 831 3964 mulcatus
866 3906 939 3965 leno
973 3906 1013 3965 ab
1043 3906 1131 3967 illius
1161 3923 1255 3967 servo
1285 3906 1370 3966 ultro

201 4019 371 4076 accusatur
405 4017 488 4090 quod
522 4018 622 4077 nimis
656 4017 753 4078 fuerit
787 4018 980 4079 obstinatus.
1018 4020 1159 4094 „Morem
1193 4022 1226 4079 te
1260 4035 1370 4093 gerere

201 4130 395 4190 adolescenti
419 4130 580 4204 oportuit'’
606 4131 661 4191 ait.
686 4132 748 4190 Hic
770 4133 859 4192 leno:
1120 4211 1121 4214 Ἴ

344 4242 403 4318 Qui
426 4243 516 4316 potui
540 4244 666 4319 melina,
692 4245 746 4318 qui
770 4245 863 4304 hodie
887 4261 989 4318 usque
1012 4261 1047 4305 os
1071 4246 1225 4319 praebui?

390 4405 436 4412 ..—

231 4497 245 4546 ¹J
259 4495 359 4548 Belgica
372 4496 470 4550 egregie
487 4496 548 4542 illud
563 4497 631 4540 atat
646 4498 711 4541 vorti
724 4499 808 4550 potest
821 4497 1003 4541 interiectione:
1017 4497 1185 4554 „drommela”
