3254 5274
516 1367 751 1482 CAPUT
789 1370 1087 1482 PRIMUM.

702 1671 896 1680 --———

257 1855 423 1931 Lepidum,
444 1858 629 1933 venustum,
644 1857 827 1932 elegantem
840 1872 911 1916 esse
923 1859 1053 1932 poetam
1066 1857 1253 1916 Terentium
1266 1855 1384 1914 dicenti

213 1967 272 2026 tibi
306 1969 460 2043 permulti
495 1970 722 2030 assentientur.
760 1971 836 2046 Quis
872 1971 959 2030 enim
990 1971 1077 2030 istud
1108 1985 1172 2030 non
1203 1968 1385 2028 sexcenties

215 2083 347 2159 audivit,
384 2083 497 2157 quisve
529 2081 650 2144 infitias
681 2084 726 2144 ire
758 2085 898 2144 audeat?
930 2085 991 2144 Sed
1023 2086 1163 2158 quantus
1194 2083 1237 2142 sit
1259 2081 1386 2144 ,artifex

216 2196 358 2256 comicus
389 2197 452 2273 ille,
485 2197 738 2271 quotusquisque
770 2169 882 2291 eorum
913 2214 932 2257 a
965 2199 1080 2272 quibus
1110 2198 1260 2256 laudatur
1283 2196 1383 2274 scit,

214 2311 246 2370 id
270 2312 320 2370 est
343 2311 472 2399 penitus
496 2311 596 2370 sentit
605 2297 624 2370 ?'
644 2295 737 2371 Certe
760 2327 825 2371 non
848 2285 957 2371 sciunt
974 2313 1035 2370 hoc
1054 2311 1077 2369 ii
1097 2311 1151 2385 qui
1170 2310 1289 2384 raptim
1310 2287 1385 2369 eum

215 2397 412 2499 percurrunt,
445 2424 485 2483 ad
516 2411 642 2484 enitum
672 2425 799 2485 fabulae
829 2428 1046 2500 properantes,
1079 2427 1248 2498 tamquam
1279 2424 1307 2483 si
1334 2439 1387 2482 res

215 2529 291 2597 sibi¹
310 2538 354 2626 611
389 2553 463 2598 cum
498 2510 627 2598 nostrae
662 2539 780 2599 aetatis
814 2538 1073 2630 narratiunculis,
1110 2554 1246 2612 quarum
1276 2540 1386 2598 ternas

216 2654 452 2726 quaternasque
490 2651 627 2726 singulis
664 2653 861 2730 pervolitant
899 2652 1011 2712 diebus
1047 2651 1205 2711 eiusmodi
1238 2650 1386 2710 lectionis

216 2766 375 2848 amantes.
403 2765 563 2825 Accurate
587 2765 674 2856 enirn
697 2769 794 2840 poeta
816 2768 926 2826 noster
949 2766 1104 2840 legendus
1128 2768 1195 2838 est;
1219 2779 1322 2837 neque
1347 2764 1386 2822 ad

217 2892 289 2936 eam
324 2893 395 2938 rem
426 2893 546 2954 magna
576 2895 656 2953 opus
687 2882 737 2939 est
768 2880 914 2940 doctrina
944 2879 1093 2940 Latinive
1124 2878 1284 2938 sermonis
1314 2893 1387 2936 rara

216 2991 356 3064 quadam
376 2991 529 3065 scientia;
550 2992 723 3052 sedulitate
743 3008 823 3066 opus
843 2994 901 3067 661,
924 2995 1020 3066 atque
1041 2991 1199 3052 eiusmodi
1214 2990 1387 3050 sedulitate

216 3119 298 3176 quae
321 3104 403 3163 nihil
425 3105 517 3192 parvi
540 3105 636 3165 ducat
659 3105 716 3164 sed
739 3105 867 3180 singula
889 3106 1045 3165 vocabula
1065 3106 1243 3180 perpendat
1267 3104 1386 3164 exami-

216 3219 343 3292 netque.
368 3219 409 3278 Et
431 3189 472 3278 ne
494 3219 725 3311 vocabulorum
748 3219 878 3292 quidem
901 3219 970 3278 vim
992 3220 1090 3294 probe
1110 3219 1240 3278 novisse
1260 3219 1386 3305 sufficit,

216 3331 280 3390 nisi
299 3331 360 3392 hoc
379 3305 503 3391 accedit
521 3334 558 3391 ut
578 3347 639 3405 quo
659 3332 749 3417 vocis
769 3348 847 3392 sono
866 3309 1103 3407 pronuntianda
1122 3333 1188 3392 sint
1207 3336 1386 3408 teneamus,

217 3445 440 3532 loquentisque
463 3426 592 3530 uultum
615 3447 744 3520 gestum
768 3449 878 3506 actum
901 3449 1071 3520 tamquam
1093 3449 1280 3520 praesentes
1303 3447 1387 3506 vide-

218 3573 321 3617 amus.
355 3559 495 3641 Gravem
518 3559 611 3622 illum
635 3575 706 3620 esse
730 3560 873 3619 laborem
897 3560 925 3618 si
949 3560 1020 3633 quis
1044 3560 1130 3619 dicat
1153 3576 1217 3619 non
1241 3559 1389 3632 equidem

218 3687 343 3745 negem.
375 3672 420 3732 At
450 3674 501 3732 est
531 3673 739 3734 dulcissimus
770 3673 1059 3748 suavissimusque,
1092 3689 1196 3746 neque
1219 3673 1274 3746 qui
1297 3672 1389 3731 illum

218 3787 395 3860 susceperit
418 3802 563 3860 unquam
582 3787 681 3847 taedii
701 3787 875 3861 quidquam
895 3787 1023 3847 sentiet.
1039 3787 1118 3862 Quid
1139 3787 1221 3861 quod
1241 3802 1281 3845 ne
1300 3785 1390 3844 oneri

219 3914 277 3958 suo
300 3900 491 3960 succumbat
515 3900 640 3960 nullum
661 3903 712 3960 est
730 3900 925 3975 periculum:
946 3904 1075 3984 praesto
1096 3901 1184 3960 enim
1205 3901 1254 3958 est
1273 3899 1390 3970 ubique

218 4014 371 4072 strenuus
402 4013 536 4088 adiutor,
569 4014 623 4087 qui
654 4030 729 4074 eum
756 4017 927 4090 sustentet,
953 4015 1082 4090 excitet,
1108 4015 1248 4087 moneat,
1275 4011 1390 4084 quique

218 4126 349 4200 longam
381 4111 476 4200 atque
508 4142 656 4201 asperam
687 4127 785 4202 uiam,
819 4144 881 4200 qua
911 4129 1142 4187 ambulandum
1171 4128 1229 4201 est,
1254 4125 1390 4184 facundo

219 4217 369 4299 sermone
388 4240 521 4299 brevem
540 4241 652 4299 reddat
672 4256 881 4314 aequamque.
904 4241 981 4315 Quis
1001 4241 1045 4320 sit
1064 4243 1130 4299 dux
1150 4241 1203 4299 ille
1220 4242 1252 4299 et
1265 4239 1391 4298 adiutor

219 4343 333 4427 sponte
369 4353 542 4428 apparebit,
580 4355 719 4427 quotque
754 4355 823 4444 elus
855 4357 1057 4428 quantaeque
1088 4355 1154 4412 sint
1184 4352 1323 4412 virtutes
1354 4353 1390 4409 ut

219 4466 254 4525 in
284 4467 371 4526 clara
400 4470 537 4540 ponatur
567 4467 638 4526 luce
666 4468 775 4562 sedulo
804 4469 883 4527 dabo
908 4484 1048 4542 operam,
1075 4468 1126 4526 Sic
1149 4467 1270 4540 optime
1294 4481 1389 4537 quan-

663 4580 666 4585 ·
1301 4573 1312 4614 1
