3230 5260
865 670 926 729 138

306 837 309 844 ’
352 871 400 914 vs.
438 857 490 915 30.
527 856 716 929 Pamphilus
750 854 927 916 Charinum
957 857 1019 917 sibi
1049 859 1172 932 gratias
1203 874 1297 933 agere
1327 861 1414 919 vetat
1441 860 1468 918 id

308 969 448 1044 facienti,
473 970 556 1043 quod
580 985 644 1029 non
667 970 755 1030 illius
778 972 835 1030 sed
858 986 918 1030 sua
941 987 1039 1031 causa
1062 972 1169 1048 faciat,
1194 972 1246 1032 his
1269 973 1388 1032 verbis:

397 1084 471 1158 Ego,
498 1082 643 1159 Charine,
668 1085 858 1158 neutiquam
879 1085 1019 1145 officium
1039 1086 1131 1145 liberi
1151 1102 1222 1146 esse
1242 1086 1382 1146 hominis
1400 1089 1468 1160 puto

396 1195 477 1256 Cum
501 1197 529 1255 is
552 1196 632 1256 nihil
655 1200 838 1271 promereat
861 1199 1025 1272 postulare
1048 1199 1080 1258 id
1103 1200 1226 1273 gratiae
1246 1201 1362 1273 apponi
1385 1200 1449 1258 sibi.

307 1309 433 1370 Ultima
455 1310 617 1384 Pamphili
640 1311 738 1370 verba
761 1327 780 1370 a
804 1311 985 1371 Scholiasta
1001 1313 1048 1371 sio
1067 1313 1259 1372 redduntur:
1284 1313 1373 1388 ,Non
1392 1313 1469 1372 enim

307 1423 356 1482 tui
387 1438 484 1482 causa
515 1424 611 1500 fugio,
636 1419 728 1499 quod,
753 1424 942 1498 priusquam
965 1441 1019 1485 me
1042 1428 1178 1502 peteres,
1202 1426 1308 1499 magis
1330 1426 1469 1486 nolebam

230 1573 235 1580 -
308 1537 422 1596 duoere
453 1552 551 1610 quam
574 1539 610 1596 tu
634 1537 756 1610 oupis”
780 1538 892 1612 inepte
916 1554 935 1597 a
959 1539 1167 1612 compilatore
1190 1539 1242 1598 vel
1265 1539 1370 1598 soriba
1392 1538 1469 1597 istud

308 1651 459 1709 ducere
491 1651 636 1710 additum
667 1653 726 1726 est,
752 1668 814 1725 quo
838 1654 921 1725 quod
945 1653 978 1713 in
1001 1653 1191 1713 universum
1214 1653 1337 1712 dietum
1361 1655 1409 1712 est
1429 1653 1468 1710 in-

307 1765 501 1837 tempestive
525 1765 565 1823 ad
588 1767 793 1840 praesentem
818 1781 931 1825 casum
955 1767 1162 1826 convertitur.
1183 1767 1227 1826 Eo
1248 1767 1358 1826 autem
1377 1765 1468 1825 eiecto

307 1877 404 1937 verbo
435 1877 530 1936 lectio
561 1879 705 1938 nascitur
736 1895 818 1952 quae
848 1881 994 1953 praestat
1025 1880 1224 1955 Klotzianae,
1256 1879 1333 1939 lieet
1362 1881 1393 1938 et
1420 1878 1469 1937 illa

307 2005 425 2049 sanum
444 2006 578 2050 sensum
598 1993 766 2066 praebeat;
788 1994 839 2052 est
859 1993 945 2052 enim
966 1994 1205 2053 huiusoemodi:
1229 2009 1313 2068 ,non
1332 1993 1416 2053 enim
1426 1991 1468 2050 tui

308 2118 406 2162 causa
443 2104 530 2178 fugio
562 2120 690 2181 quarn,
723 2107 912 2179 priusquam
942 2123 996 2166 me
1026 2108 1162 2182 peteres,
1194 2107 1301 2180 magis
1331 2106 1467 2166 nolebam

307 2217 422 2276 ducere
445 2233 544 2290 quam
567 2220 603 2278 tu
627 2220 748 2293 cupis'’

352 2447 392 2520 II,
426 2447 454 2505 2.
486 2447 606 2505 Scenae
637 2447 696 2506 hoc
727 2448 946 2520 praemittitur
969 2448 1130 2507 scholion:
1158 2448 1266 2522 „Haeo
1288 2463 1466 2508 000000011-

307 2560 417 2619 silium
449 2560 592 2619 eontinet
621 2576 842 2636 personarum,
876 2563 915 2621 ad
947 2577 1027 2635 quas
1057 2563 1203 2621 maxime
1226 2563 1365 2635 pertinet
1386 2576 1465 2634 argu·

305 2675 464 2733 mentum.
489 2674 530 2732 Et
552 2674 604 2732 hio
629 2676 680 2733 est
702 2674 800 2750 loouS,
822 2675 946 2750 inque,
968 2677 1005 2734 ut
1024 2673 1093 2734 fieri
1113 2676 1204 2750 solet,
1227 2676 1355 2735 fortuna
1372 2674 1466 2733 mixta

306 2787 401 2846 rebus
432 2787 597 2860 dispositis
628 2803 765 2862 magnas
796 2788 907 2847 turbas
931 2789 1017 2848 dat.”
1044 2788 1133 2864 Quid,
1159 2789 1299 2864 obsecre,
1325 2791 1373 2848 est
1397 2787 1465 2862 ,ior-

306 2903 385 2960 tuna
416 2901 523 2960 mixta
553 2901 649 2960 rebus
680 2901 892 2974 dispositis’'?
922 2901 1044 2961 Verum
1075 2919 1131 2976 pro
1155 2902 1383 2977 dispositis
1405 2901 1465 2974 lege

307 3015 532 3074 emendatione
577 3015 746 3074 lenissima
792 3016 1052 3091 desperatis,
1096 3017 1305 3090 aptissimum
1346 3013 1465 3075 habebis

305 3143 421 3188 scenae
453 3131 692 3202 argumentum.
724 3128 893 3202 Pamphilo
919 3145 1112 3203 persuasum
1136 3131 1245 3189 estse
1269 3131 1413 3189 eoactum
1433 3126 1466 3184 iri

306 3241 420 3300 duoere
451 3256 588 3301 uxorem
619 3256 717 3314 quam
747 3241 883 3301 minime
914 3242 1003 3318 velit,
1036 3241 1173 3302 Charino
1197 3243 1259 3302 sibi
1282 3241 1466 3302 invitissimo

305 3355 396 3413 illam
427 3354 533 3429 ipsam
563 3357 711 3428 ereptum
742 3354 790 3414 iri.
824 3355 987 3430 Quomodo
1018 3355 1112 3415 triste
1143 3356 1221 3415 illud
1249 3355 1353 3415 fatum
1375 3353 1467 3428 fugiat

305 3469 419 3527 neuter
448 3469 553 3542 videt;
585 3469 674 3528 nulla
705 3470 771 3528 iam
795 3485 869 3543 spes
893 3471 952 3545 est,
979 3485 1053 3529 oum
1077 3469 1184 3528 subito
1208 3468 1318 3528 Davus
1341 3466 1467 3528 aoourrit

304 3582 426 3640 laetam
446 3598 516 3641 rem
535 3584 699 3660 nuntians,
721 3584 775 3657 qui
794 3584 928 3643 nuntius
944 3599 1103 3643 novarum
1115 3583 1284 3642 turbarum
1297 3583 1359 3642 erit
1370 3593 1466 3642 eausa.

305 3696 491 3756 Fortuna
515 3699 625 3755 autem
649 3697 682 3756 in
705 3698 827 3757 soholio
851 3698 885 3757 in
908 3697 1078 3756 meliorem
1100 3698 1227 3770 partem
1251 3698 1302 3755 est
1325 3695 1466 3770 accipien-

305 3811 382 3869 dum
407 3809 550 3885 (laetitia,
575 3810 662 3869 laeta
685 3815 756 3881 res).

348 3923 394 3982 De
406 3938 503 3982 versu
528 3925 568 3982 2:

393 4036 439 4095 Ut
450 4038 587 4112 metum,
602 4038 635 4096 in
648 4053 710 4110 quo
723 4053 808 4097 nuno
821 4041 879 4114 est,
895 4039 1047 4114 adimam,
1062 4040 1157 4112 atque
1170 4038 1321 4112 expleam
1333 4037 1468 4096 animum

1306 4149 1428 4226 [gaudio

305 4266 511 4326 observatur:
546 4266 675 4340 „ordine
706 4266 833 4355 locutus
860 4268 926 4325 est:
951 4267 1040 4340 prius
1064 4266 1151 4326 enim
1174 4267 1301 4325 metum
1325 4265 1466 4334 adimere,

305 4380 352 4437 sio
372 4379 504 4438 demum
523 4379 639 4452 gaudio
659 4380 865 4452 perfundere:
879 4380 931 4438 hic
944 4380 1019 4439 ordo
1032 4380 1132 4439 etiam
1145 4380 1178 4439 in
1189 4380 1284 4438 laude
1296 4374 1466 4438 servatur.'’

306 4491 395 4566 Quid,
429 4507 556 4566 quaese,
590 4492 706 4551 ultima
736 4494 833 4553 haee:
866 4493 933 4552 hio
962 4527 1001 4536 -
1026 4495 1226 4554 servatur
1256 4493 1318 4552 sibi
1341 4487 1467 4554 volunt?
