3230 5260
710 687 770 746 147

197 874 238 932 Et
261 876 312 933 est
334 873 437 948 figura
459 871 586 950 ἔλλειψις
609 876 646 933 ut
669 875 752 947 apud
775 873 947 948 Virgilium

286 987 446 1047 Invidisse
469 987 553 1046 Deos
575 988 689 1062 patriis
712 990 749 1047 ut
772 988 915 1047 redditus
939 988 1035 1047 aria.'’

150 1101 250 1160 Gravi
281 1103 361 1161 haec
391 1103 503 1161 morbo
533 1101 689 1161 laborant.
722 1103 810 1161 Inter
836 1101 1061 1160 Asinorum
1085 1104 1269 1176 pretium
1293 1107 1325 1164 et

151 1229 272 1274 nomen
302 1215 449 1288 Virgil.
482 1215 602 1274 excidit
631 1215 754 1274 lemma
776 1215 852 1274 novi
875 1213 1005 1273 scholii:
1030 1216 1068 1274 de
1091 1215 1325 1290 significatione

151 1327 242 1385 vocis
265 1329 450 1401 pretium
474 1330 506 1388 et
529 1329 568 1387 de
592 1327 751 1388 infinitivo
776 1328 1057 1389 commisisse.

192 1419 249 1500 10.
274 1441 492 1502 Vehementer
515 1444 617 1506 iratus
640 1443 729 1503 Davo
753 1442 941 1516 Pamphilus
965 1443 1012 1502 sic
1036 1458 1109 1503 eum
1135 1445 1323 1517 alloquitur:

155 1554 322 1628 „Ehodum
352 1556 433 1615 bone
464 1556 545 1624 vir.”
570 1557 769 1616 Annotatur:
798 1558 850 1630 „et
873 1557 933 1615 hoc
956 1555 1088 1633 εἰρωνεία
1111 1559 1323 1633 prosequitur,

153 1683 227 1726 cum
260 1684 355 1728 omne
385 1685 487 1743 genus
511 1670 725 1729 contumeliae
749 1671 820 1729 leve
844 1670 877 1728 in
901 1685 975 1728 oum
999 1669 1146 1746 dicimus,
1171 1671 1205 1728 in
1228 1687 1324 1744 quem

152 1783 288 1841 ferimur
322 1783 517 1842 iracundia.''
553 1783 650 1843 Varia
685 1784 780 1843 lectio
811 1784 1003 1842 ducimus
1035 1788 1101 1858 (pro
1132 1785 1324 1856 dicimus)

153 1911 255 1968 neque
284 1897 317 1955 in
340 1898 462 1956 maiore
484 1897 754 1956 Westerhoviana
776 1913 879 1969 neque
901 1897 934 1955 in
958 1897 1129 1957 Klotziana
1152 1898 1324 1959 invenitur.

155 2010 254 2070 Unice
285 2013 397 2070 tamen
427 2027 505 2071 vera
536 2012 594 2086 est,
627 2027 727 2084 eaque
758 2013 888 2084 recepta
918 2027 1019 2070 unum
1050 2015 1179 2071 tantum
1206 2015 1323 2074 vitium

155 2126 272 2182 restat:
304 2123 580 2196 prosequitur
603 2124 700 2198 enim,
726 2125 795 2183 sive
819 2123 961 2201 εἰρωνεία,
984 2126 1053 2184 sive
1077 2125 1209 2209 εἰρωνείᾳ
1233 2129 1323 2204 legis,

155 2253 271 2296 sanum
295 2253 366 2297 esse
389 2239 509 2311 nequit.
534 2237 720 2310 Requiritur
745 2239 804 2312 „ad
828 2237 979 2314 εἰρωνείαν
1004 2240 1239 2314 confugimus''
1264 2243 1326 2312 (An

155 2350 342 2424 legendum:
367 2352 428 2410 hoc
450 2350 600 2428 εἰρωνείας
624 2367 727 2424 genus
750 2351 896 2424 sequitur
920 2368 946 2411 e.
971 2368 1000 2425 q.
1015 2369 1040 2412 s.
1065 2355 1101 2423 ί).

197 2577 250 2652 IV,
286 2578 312 2651 l,
340 2577 389 2635 19.
415 2575 573 2636 Charinus
596 2577 791 2636 vocabulum
814 2579 939 2652 repetit,
965 2594 1026 2651 quo
1050 2594 1129 2638 usus
1153 2582 1203 2638 est
1227 2581 1266 2639 ad
1290 2596 1325 2640 se

153 2691 355 2763 purgandum
379 2689 577 2763 Pamphilus.
602 2690 695 2749 Hanc
718 2691 943 2764 repetitionem
967 2691 1037 2750 ideo
1057 2691 1126 2751 fieri
1147 2693 1327 2753 Scholiasta

152 2805 310 2864 declarat:
345 2805 440 2879 „quia
470 2805 625 2864 articulus
657 2805 763 2863 omnis
794 2805 989 2864 defensionis
1019 2810 1075 2880 per
1103 2809 1324 2866 concessivam
1365 2825 1371 2834 ·

153 2918 344 2990 qualitatem
375 2918 435 2976 hoc
459 2918 543 2977 dicio
567 2920 617 2977 est
641 2919 869 2977 constitutus.”
897 2919 1091 2978 Eiusdemne
1115 2920 1256 2979 hominis
1280 2922 1324 2980 in-

153 3047 250 3091 sanas
269 3032 366 3090 hasce
386 3032 525 3105 ineptias
544 3033 648 3105 putas,
671 3032 725 3104 qui
745 3031 1006 3091 annotationibus
1025 3032 1093 3091 suis
1113 3035 1324 3106 spectandum

154 3145 244 3204 nobis
268 3145 454 3203 Terentium
477 3144 683 3218 praebuerit?

198 3370 250 3446 IV,
284 3372 312 3447 2,
348 3373 375 3430 1.
408 3372 515 3430 Monet
546 3371 727 3430 Scholiasta
757 3371 827 3429 ideo
855 3370 907 3429 hic
930 3370 1136 3444 Pamphilum
1160 3387 1179 3430 a
1202 3373 1325 3445 Myside

157 3482 292 3556 Glycerii
323 3485 489 3544 admoneri
522 3500 581 3559 „ne
613 3484 802 3543 succumbat
834 3484 873 3542 ad
904 3484 1034 3558 nuptias
1065 3484 1148 3558 patri
1175 3487 1325 3559 quamvis

156 3597 337 3668 promiserit
360 3613 395 3657 se
419 3598 591 3658 ducturum
612 3598 812 3671 coniugem.’'
833 3598 947 3671 Inepta
965 3597 1137 3656 verborum
1158 3601 1324 3673 dispositio

157 3717 259 3776 totum
294 3718 439 3777 scholion
469 3717 641 3777 obscurum
672 3716 817 3775 reddidit.
851 3714 934 3773 Ordo
965 3729 1036 3772 esse
1067 3713 1218 3773 debebat:
1255 3731 1322 3789 „na

157 3829 303 3900 quamvis
344 3830 530 3903 promiserit
568 3844 603 3888 se
638 3829 810 3887 ducturum
845 3827 1024 3902 coniugem,
1060 3827 1250 3886 succumbat
1284 3828 1323 3885 ad

157 3944 282 4016 nuptias
305 3943 421 4016 patri.”
1017 4003 1018 4008 ,

110 4043 111 4046 “
201 4058 249 4115 19.
284 4055 382 4130 Quis
409 4055 580 4114 videor?
604 4054 779 4114 Charinum
803 4054 991 4127 Pamphilus
1015 4056 1115 4127 rogat.
1141 4053 1324 4125 Respondet

157 4167 221 4228 hic:
253 4169 383 4227 miser
413 4185 543 4241 aeque
574 4159 699 4240 atque
731 4183 813 4241 ego.
845 4168 1045 4226 Annotatur:
1077 4165 1206 4240 „intulit
1228 4165 1322 4242 παρά-

157 4282 248 4353 δοξον.
280 4281 364 4340 Nam
394 4282 523 4340 volebat
553 4280 741 4354 Pamphilus
772 4280 833 4339 sibi
864 4280 926 4338 dici
950 4282 989 4338 et
1012 4279 1173 4337 fortis.'’
1197 4278 1258 4337 Pro
1282 4281 1322 4338 et

157 4395 283 4473 fortis
307 4395 479 4468 legendum
503 4396 553 4452 est
576 4408 618 4451 es
648 4393 788 4451 fortis.

200 4511 250 4568 25.
294 4508 444 4567 Verum
485 4508 551 4565 vis
593 4506 752 4564 dicam?
794 4504 951 4564 Charinus
985 4506 1086 4576 rogat.
1122 4504 1321 4583 Annotatur:
