3234 5254
786 669 850 727 233

233 856 388 915 Graecam
423 857 506 914 hanc
540 857 738 914 structuram
774 854 954 913 diceremus
989 851 1052 910 nisi
1084 853 1263 926 praestaret
1294 853 1405 911 laxam

232 969 512 1043 negligentemque
542 970 656 1028 dicere.
689 967 804 1028 Hercle
840 967 868 1025 si
900 965 1012 1025 Graeci
1043 963 1131 1024 senis
1163 965 1284 1024 Graeca
1307 966 1407 1023 verba

231 1081 345 1140 Latine
375 1082 528 1141 vertisset
559 1080 737 1155 Terentius
763 1079 884 1139 acriore
908 1093 984 1138 cura
1008 1077 1041 1136 in
1064 1092 1102 1137 eo
1124 1079 1233 1138 labore
1256 1080 1406 1137 versatus
1456 1083 1459 1088 '

232 1195 327 1254 esset.
363 1195 407 1253 At
440 1210 526 1255 nunc
560 1211 673 1255 senem
707 1193 989 1269 philosophantem
1023 1192 1092 1266 ipse
1126 1191 1238 1252 linxit:
1270 1194 1307 1252 ut
1331 1208 1406 1266 ergo

231 1309 359 1382 ingenio
390 1325 448 1369 suo
480 1311 708 1370 convenienter
730 1309 975 1384 philosophetur
998 1309 1054 1367 dat
1077 1323 1219 1382 operam,
1244 1307 1301 1366 sed
1324 1321 1406 1380 quae

232 1423 300 1483 eius
323 1424 367 1482 sit
391 1425 571 1485 enuntiatio
595 1427 627 1484 et
651 1422 811 1498 syntaxis
837 1423 868 1481 id
892 1438 969 1482 vero
993 1422 1103 1481 minus
1129 1424 1229 1482 curat.

265 1552 323 1616 us.
352 1538 412 1596 121
438 1552 506 1610 sqq.

409 1623 496 1725 Quae
520 1666 618 1723 quom
642 1651 723 1710 mihi
747 1650 921 1709 lamentari
944 1651 1072 1723 praeter
1097 1650 1221 1708 ceteras

408 1763 528 1841 Visast‚
554 1766 587 1824 et
610 1765 686 1838 quia
710 1765 779 1824 erat
802 1763 908 1823 forma
930 1765 1058 1837 praeter
1081 1764 1206 1822 ceteras

408 1879 555 1938 Honesta
577 1895 615 1939 ac
638 1879 771 1954 liberali,
798 1878 914 1937 accedo
938 1878 978 1938 ad
1002 1878 1205 1951 pedisequas.

231 1990 310 2049 Vide
341 2006 439 2064 quam
462 1992 507 2050 sit
528 2007 607 2050 vera
629 2007 682 2050 ars
705 1993 841 2050 naturae
864 1990 1005 2050 imitatio
1029 1991 1062 2048 et
1086 2005 1184 2062 quam
1207 1988 1288 2048 bene
1311 1961 1408 2049 verus

231 2102 349 2162 artifex
383 2106 535 2164 naturam
567 2104 714 2163 imitetur
745 2104 845 2163 etiam
877 2118 951 2162 cum
982 2102 1152 2176 negligens
1175 2102 1226 2161 est
1261 2105 1313 2171 (an
1336 2104 1408 2162 tum

230 2216 283 2275 vel
317 2217 463 2277 maxime
498 2219 649 2289 dicamil.
685 2218 769 2277 Nam
804 2233 907 2291 neque
941 2218 1116 2292 repetitum
1151 2217 1323 2291 praeter
1354 2233 1407 2276 oe-

231 2330 347 2388 teras
379 2330 413 2389 in
442 2329 505 2390 iine
537 2331 675 2390 duorum
698 2346 854 2390 versuum
878 2330 1115 2406 continuorum,
1140 2344 1243 2402 neque
1267 2329 1345 2388 illud
1369 2332 1409 2390 et

231 2441 328 2515 quia
358 2446 450 2502 erat
475 2444 687 2518 praecedente
710 2459 830 2517 quom
855 2444 1003 2503 ...visa
1027 2445 1092 2502 est
1114 2444 1228 2518 poetae
1252 2445 1303 2502 est
1325 2443 1409 2503 solli-

231 2555 295 2614 cita
330 2571 406 2616 cura
439 2558 539 2617 verba
573 2558 606 2615 et
640 2556 853 2615 sententiolas
883 2555 1040 2632 limantio,
1072 2557 1129 2616 sed
1160 2571 1258 2629 quam
1282 2557 1409 2630 egregie

231 2670 404 2742 utrumque
440 2671 532 2730 decet
566 2669 733 2728 indoctum
768 2683 890 2744 senem,
922 2684 993 2728 rem
1023 2684 1105 2742 quae
1136 2670 1282 2728 mentem
1313 2685 1408 2729 suam

230 2784 329 2842 vexet
370 2783 485 2842 multis
522 2783 630 2843 verbis
664 2782 822 2855 balboque
856 2782 923 2843 iere
958 2798 1012 2843 ore
1047 2783 1163 2843 dilecto
1197 2783 1260 2842 sibi
1294 2783 1408 2842 liberto

233 2896 449 2956 enarrantem.

275 3024 324 3069 ve.
352 3011 414 3068 144
438 3024 507 3082 sqq.

429 3123 528 3182 Venit
550 3122 705 3183 Chremes
728 3122 882 3196 postridie
907 3123 946 3196 ad
970 3137 1024 3182 me
1049 3122 1223 3182 clamitans
1278 3099 1280 3102 ’

431 3237 605 3311 Indignum
628 3237 754 3296 facinus
778 3237 991 3309 comperisse:
1016 3236 1224 3310 Pamphilum

431 3352 492 3410 Pro
516 3366 617 3410 uxore
640 3351 759 3410 habere
782 3351 866 3410 hanc
888 3350 1103 3424 peregrinam.

276 3466 413 3530 Multum
437 3466 595 3526 sudarunt
618 3465 824 3540 grammatici
847 3467 885 3524 ut
908 3465 1146 3538 investigarent
1170 3479 1252 3537 quae
1276 3465 1408 3525 taudem

231 3581 319 3638 esset
352 3579 469 3638 harum
503 3580 740 3639 sententiarum
771 3578 939 3652 syntaxis;
971 3580 1082 3638 utrum
1113 3577 1333 3651 indignum
1357 3578 1407 3637 fa·

231 3693 351 3752 cinus
375 3696 463 3753 esset
485 3693 575 3752 verbi
599 3693 861 3766 comperisse
886 3692 1059 3768 obiectum,
1086 3707 1127 3751 an
1151 3691 1197 3750 nil
1220 3691 1283 3750 uisi
1303 3690 1407 3750 excla-

230 3806 341 3866 matio.
375 3807 436 3865 Sed
466 3806 588 3865 frustra
618 3807 785 3881 sudarunt,
809 3805 847 3864 ut
871 3805 991 3880 opinor.
1017 3804 1164 3878 Namque
1188 3805 1239 3863 est
1262 3804 1342 3862 haec
1367 3837 1406 3845 -

232 3919 315 3992 quod
337 3919 385 3978 illi
408 3935 472 3978 non
496 3922 669 3979 senserunt
689 3951 729 3961 —
747 3918 873 3992 poetica
897 3917 1059 3993 syntaxis,
1080 3917 1175 3990 idque
1195 3916 1265 3975 veri
1283 3917 1406 3991 poetae,

231 4030 292 4090 hoc
326 4032 376 4090 est
409 4037 568 4101 ποιοῦντος
602 4034 713 4106 μᾶλλον
743 4027 762 4108 ἢ
793 4026 938 4108 λέγοντος,
970 4031 1087 4104 quique
1117 4029 1206 4089 vitae
1229 4027 1408 4102 imaginem

232 4141 333 4217 fingat
355 4145 462 4218 magis
487 4158 586 4218 quam
608 4143 821 4203 sententiolas
844 4144 959 4202 struat.

278 4258 350 4317 156.
419 4257 465 4316 Ea
487 4256 630 4330 primum
654 4257 693 4316 ab
717 4255 772 4314 illo
796 4255 1085 4315 animadvortenda
1108 4252 1267 4312 iniuriast.

233 4370 434 4430 Sententiam
464 4369 638 4429 verborum
669 4369 753 4428 hanc
776 4383 865 4428 esse:
893 4383 952 4444 „ea
974 4368 1117 4442 primum
1140 4366 1334 4426 vindicanda
1357 4369 1409 4426 est

232 4481 349 4542 iniuria
380 4483 419 4542 ab
451 4481 505 4541 illo
535 4482 643 4542 iacta’'
669 4483 805 4558 constat,
831 4482 875 4541 et¹
891 4481 938 4542 sic
960 4481 1027 4540 iere
1051 4480 1159 4540 locum
1182 4480 1332 4539 nostrum
1355 4494 1407 4538 ex-
