3254 5274
846 625 887 684 32

279 811 357 886 vult,
379 811 445 872 iam
470 829 511 872 ex
534 813 588 872 illo
612 811 764 873 infinitivi
786 829 849 873 usu
871 815 1018 888 ineptum
1037 815 1119 874 fatui
1140 814 1282 875 hominis
1299 829 1450 889 apparere

278 926 410 986 fastum.
432 927 582 986 Libenter
603 929 704 1003 credo,
729 931 820 988 verte
841 929 928 988 enirn
949 930 1028 988 haec
1047 929 1191 1003 Belgice:
1214 930 1325 989 audies
1337 945 1451 988 vocem

278 1039 393 1099 stolide
417 1041 641 1114 superbientis.

322 1153 505 1227 Respondet
525 1154 668 1214 Gnatho:
692 1155 783 1229 „Non
804 1157 873 1216 tam
893 1157 975 1217 dono
995 1157 1081 1216 laeta
1100 1156 1162 1215 fuit
1181 1156 1279 1215 Thais
1299 1157 1356 1215 sed
1368 1157 1450 1229 quod

278 1281 297 1324 a
330 1268 363 1325 te
398 1267 510 1326 datum
545 1270 612 1327 est:
648 1268 687 1328 id
728 1285 827 1330 vero
870 1271 982 1329 serio
1025 1270 1295 1343 triumphat.”
1335 1268 1450 1328 Censet

278 1379 458 1439 Scholiasta
481 1381 519 1440 de
539 1382 706 1458 industria,
728 1386 760 1442 et
780 1385 817 1442 ut
837 1383 994 1442 Thrasoni
1013 1383 1204 1457 blandiatur,
1227 1383 1287 1441 hoc
1309 1383 1449 1441 trium-

276 1493 432 1565 phandi
473 1495 608 1553 verbum
651 1496 801 1556 adhibere
844 1496 1058 1571 Gnathonem,
1099 1497 1252 1569 quoniam
1287 1495 1449 1570 ,militare

277 1607 420 1666 dictum''
453 1608 505 1667 sit.
530 1608 591 1668 Hic
614 1610 753 1685 quidem,
779 1612 816 1669 ut
839 1612 958 1685 opinor,
984 1611 1150 1684 egregium
1173 1611 1282 1669 virum
1305 1610 1449 1668 studium

276 1719 354 1779 illud
377 1722 561 1795 ceteroquin
585 1723 782 1782 laudandum
802 1724 835 1782 in
855 1725 969 1797 quovis
988 1725 1144 1783 vocabulo
1169 1724 1311 1796 aliquam
1334 1739 1448 1783 venus-

275 1835 379 1894 tatem
410 1836 666 1909 deprehendendi
696 1837 819 1896 fefellit.
848 1838 931 1897 Nam
962 1853 1076 1897 omnes
1106 1838 1255 1898 homines
1283 1852 1320 1895 eo
1352 1851 1449 1896 sensu

275 1947 329 2008 illo
359 1949 457 2008 verbo
487 1952 631 2026 utuntur,
660 1967 726 2010 non
748 1952 870 2011 milites
894 1952 954 2010 soli
977 1953 1161 2012 militumve
1185 1951 1377 2010 adulatores.
1403 1949 1446 2009 Gi.

275 2061 403 2121 Phorm.
429 2064 493 2123 543
517 2064 571 2122 ubi
596 2080 709 2125 servus
734 2065 870 2124 herilem
893 2064 997 2125 filium
1021 2067 1129 2139 rogat:
1208 2126 1212 2135 ,

376 2177 446 2236 Non
469 2179 633 2253 triumpho
657 2197 699 2239 ex
721 2182 843 2254 nuptiis
866 2181 933 2240 tuis
957 2182 985 2240 si
1008 2181 1053 2240 nil
1073 2180 1241 2240 nanciscor
1264 2179 1368 2239 mali?

319 2307 367 2350 vs.
393 2293 456 2352 395
796 2297 867 2368 ,est
890 2295 975 2355 istuc
999 2296 1111 2354 datum

375 2405 530 2481 Profecto
556 2409 593 2466 ut
615 2410 708 2480 grata
731 2408 812 2467 mihi
836 2409 902 2467 sint
925 2424 1007 2481 quae
1030 2408 1112 2466 facio
1137 2407 1278 2465 omnia.’'

276 2517 402 2592 Quanta
432 2519 510 2579 insit
540 2521 591 2579 his
614 2522 779 2580 vocabulis
802 2522 951 2596 superbia
979 2522 1099 2595 optime
1123 2520 1283 2594 intelliges
1307 2520 1335 2578 si
1358 2534 1445 2592 repu-

159 2651 162 2656 ·
274 2632 358 2690 tabis
390 2633 531 2692 datum
563 2650 651 2693 esse:
686 2651 725 2709 „a
756 2636 805 2695 dis
833 2635 1071 2695 immortalibus
1102 2635 1246 2693 datum”.
1275 2633 1446 2692 Gratum

274 2748 385 2806 autem
416 2750 482 2807 est:
517 2750 620 2822 „quod
650 2750 729 2808 facit
758 2750 795 2808 ut
825 2750 947 2823 gratias
978 2749 1070 2809 nobis
1100 2749 1241 2808 habeant
1264 2745 1445 2805 homines.’'

274 2858 319 2919 Cf.
344 2860 460 2921 Heaut.
487 2863 568 2922 262:

539 2977 622 3036 Turn
646 2993 743 3050 quom
767 2980 897 3051 gratum
920 2977 1002 3036 mihi
1025 2991 1097 3036 esse
1120 2976 1225 3050 potuit
1244 2973 1341 3033 nolui.

317 3089 513 3150 Narraturus
547 3107 664 3167 ,quarn
699 3094 791 3166 grata
822 3093 883 3151 sibi
914 3092 980 3151 sint
1011 3091 1151 3165 omnia,”
1176 3091 1196 3149 i.
1211 3106 1237 3149 e.
1263 3103 1361 3161 quarn
1385 3086 1445 3146 sibi

273 3203 421 3263 homines
453 3205 614 3264 devincire
646 3206 728 3265 sciat
759 3205 933 3280 soleatque,
967 3206 1027 3264 hoc
1054 3205 1196 3278 primum
1221 3203 1315 3261 affert
1338 3216 1444 3260 exem·

272 3317 361 3389 plum
386 3321 444 3388 (vs.
470 3320 532 3378 397
558 3323 635 3391 sq.):

802 3432 855 3491 vel
878 3448 937 3491 rex
960 3446 1088 3504 semper
1111 3430 1275 3489 maximas

416 3537 632 3618 Mihi'agebar
656 3545 807 3618 quidquid
830 3545 987 3604 feceram:
1013 3544 1085 3603 aliis
1108 3558 1173 3601 non
1195 3543 1285 3601 item.
1315 3569 1320 3576 ·

271 3657 415 3716 Annotat
435 3657 631 3717 Scholiasta:
655 3658 778 3733 ,Quam
797 3658 1025 3730 intempestive
1045 3656 1140 3715 miles
1156 3656 1196 3714 ad
1208 3653 1444 3728 regemtransi-

222 3851 223 3856 ἵ
271 3773 342 3831 turn
373 3771 451 3830 facit
482 3787 556 3830 curn
588 3772 626 3831 de
656 3772 825 3831 meretrice
853 3771 1003 3844 agatur&
1028 3770 1230 3844 Rectissime,
1255 3770 1292 3827 ut
1315 3768 1443 3841 opinor:

270 3886 407 3944 habetur
438 3885 525 3945 enirn
556 3901 663 3944 sermo
691 3887 766 3944 ante
790 3884 998 3943 mulierculae
1022 3884 1126 3959 aedes
1152 3883 1185 3942 et
1208 3883 1246 3941 de
1269 3881 1444 3940 mulierum

271 3999 438 4072 captandis
461 3999 625 4058 mentibus
649 4000 720 4059 erat
743 3998 912 4071 agendum.

317 4114 407 4189 ,Rex
430 4113 526 4187 ergo”
551 4112 673 4171 Thraso
697 4113 808 4170 narrat
831 4111 905 4181 (403
930 4113 1028 4182 sqq.):

869 4225 972 4283 sicubi
995 4239 1070 4283 eum
1093 4223 1228 4282 satietas

424 4341 603 4401 Hominum
627 4341 684 4399 aut
707 4339 816 4412 negoti
839 4339 995 4411 siquando
1019 4338 1128 4398 odium
1152 4340 1288 4414 ceperat,

423 4457 635 4531 Requiescere
659 4454 713 4512 ubi
739 4453 874 4529 volebat,
901 4453 1001 4528 quasi,
1027 4452 1160 4512 nostin?
