3254 5274
737 656 779 714 43

174 849 229 922 ,ut
270 849 401 906 brevem
445 846 532 905 viam
567 845 813 917 demonstraret,
850 856 914 901 non
948 857 1018 901 eas
1052 840 1108 899 sed
1142 840 1341 898 transeas

154 961 285 1020 -dixit.’'
314 960 386 1048 ‚Hoc
416 975 493 1019 vero
524 973 580 1018 our
610 958 715 1018 facere
746 958 873 1016 recuset
902 971 966 1016 non
997 955 1094 1014 habet
1120 953 1283 1024 Chremes
1309 950 1342 1008 et

171 1074 300 1134 iubente
329 1073 487 1148 Pythiade
517 1072 631 1131 Dorias
662 1070 778 1130 ancilla
810 1085 885 1130 cum
916 1085 953 1129 eo
984 1069 1051 1128 abit
1080 1067 1169 1136 viam
1200 1066 1229 1124 ei
1252 1079 1340 1124 mon·

170 1189 322 1253 stratura.

629 1348 871 1358 ———.-.—.--—-

575 1520 685 1580 Acrus
708 1519 756 1578 111
779 1519 887 1578 Scene
910 1519 940 1577 4.

214 1720 304 1781 Nova
334 1721 386 1780 hic
416 1721 450 1779 in
480 1735 613 1780 scenam
643 1720 749 1794 prodit
779 1734 924 1793 persona,
957 1733 1056 1792 quam
1079 1716 1249 1776 Terentius
1272 1715 1341 1788 ipse

169 1833 291 1892 addidit
322 1833 393 1902 (hoc
423 1834 510 1894 enim
541 1849 600 1893 nos
631 1834 724 1892 docet
754 1832 954 1908 Scholiasta),
986 1847 1049 1905 quo
1078 1831 1164 1890 facto
1195 1845 1234 1889 ea
1261 1844 1342 1902 quae

169 1949 349 2020 sequuntur
374 1948 478 2008 multo
502 1945 584 2006 fiunt
607 1947 770 2022 lepidiora.
794 1945 937 2019 Antipho
961 1945 1020 2019 est,
1045 1944 1100 2018 qui
1123 1958 1198 2002 cum
1221 1942 1342 2002 frustra

169 2063 223 2122 diu
255 2061 432 2122 Chaeream
456 2061 686 2136 expectarent,
711 2061 844 2133 tandem
868 2074 943 2118 eum
967 2059 1054 2119 domi
1078 2058 1212 2132 quaerit.
1237 2056 1342 2115 Verba

170 2177 240 2237 eius
264 2178 297 2236 et
320 2176 384 2236 alia
406 2177 484 2235 sunt
507 2177 540 2235 et
563 2175 643 2234 haec
667 2177 725 2243 (vs
751 2175 843 2243 othl:

290 2290 389 2363 quue
402 2291 481 2350 adeo
493 2290 609 2364 visam,
625 2289 653 2349 si
666 2289 795 2348 domist.
810 2287 965 2363 Quisnam
978 2287 1103 2346 hincab
1117 2285 1237 2344 Thaide
1250 2285 1342 2345 exit?

169 2404 352 2464 Bentleius:

370 2517 431 2578 sed
455 2518 605 2591 quisnam
630 2532 649 2576 a
672 2515 792 2575 Thaide
816 2515 908 2575 exit?

213 2631 465 2705 Elegantissime
488 2631 568 2690 haec
591 2631 642 2689 est
665 2629 848 2689 coniectura
872 2631 905 2688 et
927 2627 1132 2702 haud-dubie
1150 2627 1340 2701 recipienda.

170 2744 246 2820 Quis
288 2744 375 2803 enim
414 2744 603 2818 languidum
637 2743 724 2802 istud
758 2743 855 2802 hinc
890 2743 936 2802 ab
971 2741 1128 2800 Thaide
1162 2740 1254 2816 ferat,
1290 2741 1342 2800 vel

170 2859 381 2919 durissimum
401 2859 479 2918 illud
499 2859 703 2933 asyndeton?
722 2857 762 2916 Et
781 2859 832 2917 est
853 2856 1006 2916 correctio
1022 2855 1199 2915 lenissima.
1213 2854 1342 2914 Etenim

169 2972 373 3052 postliteras
393 2975 432 3032 st
451 2973 484 3032 in
503 2971 661 3032 domist
681 2970 804 3030 omissa
824 2972 875 3029 est
894 2985 914 3029 a
932 2969 1062 3029 librario
1081 2984 1147 3028 vox
1167 2969 1238 3028 sed
1259 2970 1340 3044 (set),

170 3085 283 3147 deinde
307 3086 458 3147 adverbio
481 3086 579 3146 hinc
601 3101 717 3146 versus
740 3086 902 3157 utcunque
927 3083 1084 3158 expletus.

575 3506 684 3566 Acrus
708 3507 756 3565 ΠΙ
779 3506 887 3566 Sanun
911 3507 940 3566 5.

214 3693 317 3768 Quem
341 3693 483 3768 Antipho
507 3692 760 3753 admirabundus
783 3708 802 3752 a
825 3693 945 3752 Thaide
970 3691 1058 3752 exire
1078 3693 1212 3769 viderat,
1234 3709 1341 3767 quem·

171 3824 230 3882 que
254 3808 321 3867 iam
345 3822 362 3866 e
385 3807 519 3867 latibulo
543 3807 735 3883 speculatur,
761 3805 903 3867 Chaerea
923 3809 982 3883 est,
1003 3807 1136 3866 indutus
1156 3807 1343 3866 etiamnunc

171 3920 315 3982 Eunuchi
337 3920 494 3980 vestibus.
518 3921 666 3980 Primum
690 3920 807 3980 anxius
830 3921 970 3997 respicit,
996 3920 1118 3995 deinde,
1140 3920 1194 3980 ubi
1214 3935 1233 3979 a
1252 3921 1342 3992 tergo

172 4036 241 4094 tuta
264 4034 354 4093 videt
377 4033 495 4109 omnia,
521 4033 638 4108 gaudio
662 4034 846 4094 exclamare
870 4033 990 4108 incipit.

213 4163 262 4207 vs.
295 4147 370 4207 549.
402 4147 527 4208 Nemo
558 4147 734 4208 homost.
767 4146 848 4222 Quid
878 4147 940 4206 sibi
970 4147 1035 4206 ista
1064 4146 1236 4206 verborum
1262 4143 1342 4203 velit

172 4261 301 4321 ubertas
325 4260 400 4320 alibi
423 4261 538 4321 dicam.

214 4374 344 4450 Deinde,
366 4389 492 4435 memor
512 4373 612 4434 etiam
632 4390 730 4448 quam
750 4374 978 4449 intempestive
998 4374 1093 4435 modo
1112 4388 1148 4432 se
1160 4374 1342 4434 remoratus

172 4487 214 4553 sit
237 4503 340 4553 senex
363 4487 416 4551 ille
439 4487 676 4568 Achidemides,
702 4476 813 4552 secum
837 4487 980 4566 queritur
1004 4491 1062 4559 (vs.
1088 4487 1151 4549 553
1176 4490 1280 4561 sqq.):
