3254 5274
732 637 772 695 67

163 825 275 883 1103013
308 825 374 884 iam
408 840 428 884 a
462 825 582 885 Thaide
618 827 825 899 conspectum
857 823 1042 901 Chaeream,
1075 825 1145 885 sive
1176 827 1337 886 intellexit

163 953 220 998 cur
256 938 311 999 illa
345 938 543 1014 clamaverit,
579 940 691 998 tamen
725 939 831 1012 aliquo
862 939 967 1018 modo
989 936 1170 1012 significare
1201 939 1336 999 debebat

162 1053 341 1113 Chaeream
365 1069 437 1114 esse
460 1053 553 1114 illurn
576 1053 631 1127 qui
654 1054 750 1112 herae
774 1053 1023 1113 admirationem
1045 1054 1194 1114 moverit.

577 1649 686 1707 Acrus
709 1647 738 1705 V
762 1648 870 1708 Sonus
895 1650 924 1708 2.

205 1860 341 1920 Accedit
371 1860 513 1921 Chaerea
539 1862 749 1921 stomachans
772 1861 856 1948 qued
879 1877 1008 1935 semper
1031 1861 1134 1920 adhuc
1157 1863 1336 1936 prohibitus

160 1975 204 2034 sit
232 1977 362 2034 mutare
384 1978 521 2035 vestem.
546 1975 609 2035 Ubi
632 1975 754 2035 Thaida
778 1975 934 2049 conspicit
956 1976 1023 2034 iarn
1046 1976 1176 2050 propius
1200 1977 1338 2036 accessit

160 2105 261 2162 quam
292 2092 329 2148 ut
359 2089 469 2162 fugere
499 2089 611 2163 possit.
644 2089 815 2162 Primoque
843 2105 917 2148 eum
942 2104 1016 2148 curn
1040 2091 1154 2149 acerba
1178 2091 1336 2150 derisione

160 2202 337 2275 alloquitur
360 2203 458 2262 Thais
481 2205 650 2275 tamquam
674 2202 795 2263 Dorum
820 2203 1003 2262 eunuchum
1024 2218 1236 2290 servumque;
1257 2221 1337 2264 mox

160 2315 347 2390 intelligens
370 2316 456 2376 facta
480 2316 599 2376 infecta
622 2317 710 2375 reddi
733 2331 798 2375 non
821 2331 915 2390 posse
938 2317 1022 2376 serio
1046 2332 1121 2377 cum
1144 2317 1198 2377 1110
1222 2319 1335 2379 delibe-

160 2445 232 2489 rare
269 2431 381 2504 incipit
412 2447 474 2504 quo
509 2431 604 2490 modo
636 2446 688 2490 res
719 2431 758 2489 ad
789 2431 910 2490 bonum
934 2431 1037 2505 possit
1060 2432 1174 2491 adduci
1199 2433 1334 2493 exitum.

160 2543 281 2603 Contra
304 2544 439 2616 Pythias
463 2559 652 2604 succensere
677 2545 706 2602 ei
729 2544 834 2619 pergit
857 2560 960 2618 neque
982 2546 1052 2604 tam
1076 2545 1170 2604 facile
1193 2545 1335 2620 indigna·

156 2656 284 2732 tionem
305 2660 446 2731 coercet;
469 2657 657 2731 egregieque
678 2657 726 2716 ira
745 2657 814 2716 eius
834 2658 960 2732 depicta
980 2660 1031 2717 est
1043 2659 1113 2718 ideo
1125 2659 1178 2717 vel
1190 2659 1335 2718 maxime

158 2771 383 2831 succensentis
417 2772 571 2831 simulato
606 2772 653 2830 illi
686 2770 779 2847 Doro,
812 2773 895 2844 quod
927 2772 996 2832 eius
1028 2773 1120 2847 culpa
1151 2774 1221 2846 ipsa
1252 2774 1335 2848 apud

159 2886 328 2945 dominam
356 2887 535 2961 periculum
559 2887 647 2946 adiit.
672 2886 783 2960 Igitur,
809 2886 864 2945 ubi
887 2879 1037 2962 Chaerea,
1062 2887 1138 2946 Dori
1162 2888 1335 2947 etiamtum

158 3002 269 3073 partes
304 3015 413 3075 agens,
446 2999 559 3059 Thaidi
590 3000 733 3073 roganti:
768 2999 996 3075 „Virginemne
1027 3002 1063 3059 tu
1091 3001 1195 3059 civem
1219 3001 1335 3060 vitiare

159 3128 260 3172 ausus
281 3115 361 3172 es?''
382 3114 563 3188 respondit:
588 3129 798 3188 „conservam
818 3129 890 3172 esse
911 3114 1061 3190 credidi,”
1081 3115 1150 3174 iure
1163 3115 1218 3173 1113
1231 3115 1333 3174 excla-

160 3228 232 3284 mat
257 3227 332 3295 (859
357 3231 434 3300 sq.):

294 3339 516 3400 Conservam?
539 3341 596 3400 vix
619 3357 672 3400 me
697 3341 844 3400 contineo
868 3341 944 3415 quin
967 3343 1108 3401 involem

294 3454 436 3515 Monstro
459 3455 493 3513 in
517 3455 687 3529 capillum:
712 3455 812 3514 etiam
835 3455 919 3514 ultro
944 3456 1087 3514 derisum
1111 3456 1251 3516 advenit.

157 3568 282 3628 Ultro
313 3568 444 3643 optime,
472 3569 547 3640 quia
570 3568 640 3642 ipsa
662 3568 797 3641 Pythias
821 3569 871 3626 est
894 3567 928 3627 in
951 3583 1181 3628 conservarum
1204 3570 1333 3629 illarum

158 3696 305 3741 numero.
330 3681 463 3755 Egregie
487 3683 566 3741 haec
589 3682 698 3740 omnia
722 3681 903 3741 Scholiasta
925 3682 1096 3748 intellexit.

203 3794 248 3854 At
268 3794 382 3853 Thaidi
401 3795 468 3854 iam
487 3795 656 3869 prudentia
676 3795 847 3854 emendare
868 3795 1009 3868 cupienti
1025 3810 1106 3869 quae
1118 3796 1335 3870 imprudentia

159 3908 330 3981 deliquerit
353 3908 587 3967 molestissima
611 3910 661 3966 est
684 3908 739 3966 1113
759 3908 894 3967 ancillae
914 3908 1087 3967 iracundia.
1109 3908 1193 3967 Hinc
1212 3908 1334 3967 dictum

159 4022 238 4082 illud
270 4023 339 4081 eius
371 4023 410 4082 ad
441 4022 634 4096 Pythiadem
662 4026 720 4092 (vs.
746 4022 838 4093 861):
867 4022 970 4096 „Abin
993 4022 1068 4081 hinc
1091 4022 1249 4080 insana?’'
1274 4021 1334 4079 Illa

159 4150 236 4194 vero
262 4136 433 4205 (861-3):

707 4247 787 4323 Quid
811 4249 881 4307 ita?
903 4247 987 4308 Vero
1011 4248 1154 4322 debeam,

339 4359 448 4436 Cred0,
473 4361 529 4421 isti
553 4360 724 4434 quicquam
748 4360 906 4437 furcifem,
931 4362 960 4419 31
984 4361 1016 4420 id
1038 4360 1187 4420 fecerim:

278 4471 280 4484 '
338 4474 534 4534 Praesertim
558 4490 655 4547 quom
679 4491 714 4533 se
738 4490 868 4534 servom
891 4474 1032 4534 fateatur
1055 4476 1158 4532 tuum.
