3234 5254
726 632 788 692 189

206 828 256 887 60.
293 827 345 886 Ut
379 826 425 885 ad
460 839 592 899 pauca
622 824 807 892 redeam]
843 823 1069 897 ,praeceptum
1100 822 1277 880 oratorium
1301 821 1333 879 in

163 943 256 1016 longa
278 941 462 1001 narratione
485 956 542 1015 pro
564 939 714 998 veritatis
738 937 978 1011 inquisitione.''

206 1058 257 1116 63.
292 1053 387 1114 Gurn
410 1054 577 1128 virgine
602 1068 680 1111 una
704 1052 957 1111 adolescens
982 1051 1196 1120 cubuerit]
1224 1065 1333 1123 ,argu-

164 1171 273 1228 menta
295 1167 329 1226 in
353 1168 571 1227 coniecturam
594 1165 776 1225 necessario
800 1165 937 1239 posita.”

209 1283 280 1341 117.
313 1280 498 1340 Nondum
522 1280 651 1339 etiarn
675 1279 782 1350 scio]
811 1279 984 1354 ,...deest
1008 1279 1119 1337 scire
1144 1281 1177 1337 et
1200 1280 1250 1338 est
1273 1277 1334 1352 syl-

164 1398 260 1471 lepsis
284 1396 388 1470 scio,
414 1396 526 1454 scire
550 1410 625 1454 cum
648 1390 823 1471 ἀναβάσει.”

208 1645 247 1718 II,
273 1646 299 1718 i,
322 1643 458 1716 9.Non,
481 1642 542 1701 ita
561 1657 621 1700 me
641 1642 680 1701 di
699 1642 802 1700 bene
823 1644 976 1711 ament]
993 1641 1337 1716 ,animadvertendum

167 1760 291 1817 veteres
332 1772 396 1815 non
438 1757 547 1814 minus
582 1753 771 1830 εὐφημισμόν
807 1755 840 1813 111
874 1755 981 1814 verbis
1017 1771 1115 1828 quam
1148 1751 1338 1830 κακέμφατον

166 1869 357 1944 neglexisse,
389 1869 479 1928 velut
510 1869 556 1928 ita
586 1884 639 1928 rne
663 1869 695 1928 di
718 1869 799 1927 bene
824 1869 967 1927 ament.”
994 1867 1160 1942 Quaenam
1184 1867 1236 1926 hic
1259 1868 1339 1927 latet

167 1985 348 2059 sapientia?

213 2099 263 2156 12.
288 2099 411 2157 Laches
435 2100 468 2156 et
491 2096 563 2156 aliis
586 2097 693 2156 verbis
717 2097 750 2155 in
774 2113 910 2157 uxorem
934 2097 1098 2156 invehitur
1122 2099 1154 2156 61
1177 2097 1282 2156 hisce:

256 2211 300 2270 Te
323 2211 510 2270 immerito?
535 2227 577 2270 an
600 2212 775 2284 quidquam
799 2227 855 2285 pro
879 2211 952 2270 istis
976 2211 1071 2270 iactis
1095 2211 1229 2285 dignum
1252 2212 1284 2269 te

1114 2324 1187 2395 [dici
1210 2325 1341 2398 potest?

258 2439 344 2514 Quae
368 2454 421 2497 me
445 2440 478 2497 et
501 2439 533 2497 te
557 2440 590 2497 61
612 2438 771 2497 familiam
796 2439 976 2512 dedecoras
1001 2436 1066 2496 filio
1091 2438 1215 2496 luctum
1235 2451 1339 2511 paras,

258 2553 342 2611 Tum
366 2554 477 2611 autem
500 2567 542 2611 ex
566 2552 680 2610 amicis
704 2552 827 2611 inimici
850 2553 887 2610 ut
910 2552 976 2610 sint
999 2551 1091 2610 nobis
1112 2551 1224 2610 affines
1243 2551 1340 2610 facis:

260 2665 319 2740 Qui
338 2666 431 2725 illum
451 2665 622 2724 decrerunt
642 2665 785 2740 dignum,
807 2681 883 2725 suos
897 2666 948 2724 cui
959 2665 1077 2724 liberos
1090 2657 1340 2724 committerent.

170 2781 347 2854 Dignum
382 2795 481 2840 suos
517 2781 582 2839 cui
613 2781 774 2839 liberos
806 2780 1146 2849 committerent]
1182 2779 1342 2854 ,multum

171 2896 324 2953 sonanter
358 2896 390 2953 et
425 2894 625 2952 accusatorio
656 2894 802 2968 strepitu,
835 2909 895 2952 neo
917 2894 1136 2953 masculinum
1159 2908 1260 2966 genus
1284 2907 1343 2951 nec

171 3007 364 3066 femininum
399 3007 515 3081 posuit,
552 3021 611 3066 nec
642 3023 742 3066 unam
773 3008 830 3066 sed
859 3007 1009 3067 liber0s”
1040 3008 1133 3066 Prius
1164 3022 1238 3066 nec
1268 3007 1343 3066 abii-

174 3121 339 3179 ciendum:
364 3121 398 3178 in
421 3135 458 3179 eo
483 3121 569 3178 enim
593 3120 678 3179 inest
697 3121 851 3179 orationis
871 3121 1015 3194 gravitas
1036 3122 1118 3194 quod
1137 3123 1261 3181 Laches
1280 3137 1344 3181 non

173 3233 313 3292 filiam
337 3233 422 3307 dicit,
448 3234 504 3292 sed
528 3233 561 3291 in
585 3233 764 3293 masculino
789 3237 821 3293 et
843 3235 958 3308 plurali
981 3234 1151 3294 liberos.

222 3347 271 3406 17.
307 3346 380 3420 ,Tu
410 3347 564 3405 mulier
594 3345 722 3422 ἔμφασιν
753 3347 897 3407 malitiae
928 3348 1034 3407 habet.
1067 3348 1106 3407 Et
1137 3349 1268 3408 omnino
1292 3365 1344 3408 ex-

175 3460 297 3534 pressio
341 3460 582 3519 consuetudinis
624 3463 675 3520 est
709 3461 748 3519 ad
783 3461 1069 3534 indignationem.’'
1104 3462 1164 3521 Pro
1200 3466 1265 3522 est
1299 3464 1346 3522 ad

175 3573 348 3646 requiritur
389 3574 455 3632 iere
497 3573 634 3647 signif
640 3574 741 3649 icat,
781 3576 818 3632 ut
851 3589 967 3633 sensus
1002 3575 1061 3633 sit:
1101 3575 1153 3649 ,in
1189 3577 1346 3635 eiusmodi

176 3687 477 3761 reprehensionibus
507 3701 635 3762 nomen,
661 3702 722 3759 quo
747 3687 943 3746 consuetudo
967 3690 1000 3746 et
1022 3688 1227 3748 familiaritas
1251 3690 1345 3762 signi-

177 3798 300 3875 ficatur,
326 3799 462 3859 adiicere
486 3799 716 3873 indignabundi
739 3801 820 3859 est.’'

223 3915 274 3972 26.
332 3913 376 3971 Α1
398 3913 471 3971 vide
495 3928 593 3986 quarn
617 3913 781 3972 immerito
805 3914 971 3986 aegritudo
995 3915 1074 3974 haec
1098 3915 1199 3974 oritur
1222 3915 1303 3973 inihi

1031 4029 1100 4098 [abs
1123 4031 1164 4103 te,
1191 4029 1345 4089 Sostrata.

180 4140 301 4199 Scholt
329 4142 520 4215 „postquam
540 4141 578 4199 de
598 4140 715 4199 iniuria
734 4140 825 4216 dixit,
847 4141 885 4200 de
905 4157 1042 4215 persona
1062 4142 1130 4201 eius
1151 4142 1241 4201 cuius
1260 4143 1348 4201 fama

180 4255 238 4328 est,
264 4253 296 4311 id
321 4255 371 4312 est
395 4254 501 4312 cum.”
523 4253 641 4312 Scholii
660 4253 757 4312 laceri
777 4255 900 4314 incerta
920 4256 1111 4314 emendatio.
1133 4256 1202 4314 Hoc
1222 4257 1349 4315 constat

180 4383 236 4441 pro
268 4367 388 4426 cuius
414 4367 525 4426 fama
549 4369 613 4425 est
636 4366 808 4439 legendum
832 4383 903 4426 esse
927 4370 993 4427 cui
1016 4369 1131 4427 iacta
1155 4372 1228 4428 est.
1254 4369 1349 4442 Sequi

181 4481 247 4540 iere
271 4481 380 4539 debet:
408 4482 498 4556 ,turn
523 4480 560 4538 de
585 4480 654 4538 eius
677 4496 814 4554 persona
838 4497 918 4554 quae
942 4483 1049 4541 fecit.”
