3230 5260
825 661 887 722 150

268 846 376 921 philus
406 849 600 907 nominetur.
632 848 672 907 Et
696 849 789 907 acute
813 849 929 922 repetit
953 820 1072 907 nomen
1095 847 1322 921 Pamphili:
1348 849 1441 920 quasi

268 977 324 1034 per
343 961 606 1038 indignationem,
620 963 657 1021 ut
669 963 771 1021 soceri
784 963 914 1022 auribus
927 962 1140 1022 adolescentis
1153 977 1271 1021 nomen
1283 963 1439 1033 inculcet:

268 1075 387 1133 rnetuit
410 1075 497 1134 enirn
521 1091 561 1134 ne
584 1091 648 1134 non
672 1075 782 1134 audiat
805 1076 895 1135 velut
918 1076 1053 1134 senex.'’
1310 1069 1312 1072 ’

313 1190 353 1248 37
379 1204 426 1261 sq.
450 1188 531 1248 Davi
555 1190 631 1248 sunt
655 1189 754 1247 verba
777 1189 817 1247 ad
841 1187 1016 1262 Mysidem:

378 1302 448 1360 Nisi
471 1317 607 1375 puerum
630 1301 726 1375 tollis
752 1301 818 1360 iam
842 1317 900 1374 ego
926 1302 1012 1361 hunc
1036 1300 1069 1364 in
1092 1300 1235 1358 mediam
1254 1301 1343 1359 viam

379 1415 582 1474 Provolvarn.

267 1529 467 1588 Annotatur:
506 1528 596 1602 „dolo
632 1529 761 1601 quidem
796 1529 940 1587 minatur
974 1528 1058 1601 quod
1093 1526 1238 1586 facturus
1272 1543 1336 1586 non
1372 1530 1440 1600 est:

268 1658 382 1701 verum
417 1642 527 1701 sedulo
561 1641 593 1700 id
628 1641 695 1714 agit
731 1643 766 1700 ut
796 1642 862 1700 iam
894 1656 972 1714 puer
996 1640 1130 1699 tollatur
1154 1655 1170 1698 e
1194 1640 1317 1699 medio:
1342 1641 1442 1700 simul

269 1771 343 1814 eum
368 1755 478 1813 servat
501 1753 672 1828 Chremeti,
698 1756 734 1812 ut
758 1753 827 1827 ipse
850 1756 978 1812 recuset
1001 1757 1165 1828 generum,
1187 1768 1252 1812 non
1272 1755 1309 1811 ut
1327 1769 1347 1811 a
1366 1770 1441 1826 quo-

268 1884 365 1943 quam
399 1883 516 1942 passus
550 1867 698 1927 videatur
728 1867 912 1926 iniuriam.''
945 1865 1101 1939 Oenunta
1130 1866 1210 1925 haec
1241 1881 1313 1925 esse
1335 1867 1441 1942 vide0‚

268 1983 324 2041 sed
359 1982 434 2055 quid
469 1982 527 2042 sub
562 1982 679 2040 mendo
710 1983 811 2040 latere
841 1981 945 2054 possit
975 1997 1039 2039 non
1062 1981 1165 2039 video.
1185 1981 1362 2041 ,Klotziana
1384 1997 1443 2055 pro

268 2096 444 2155 emedio
468 2095 565 2154 habet
588 2095 629 2152 in
652 2095 842 2168 medium,
868 2110 931 2167 quo
955 2093 1035 2153 nihil
1058 2091 1254 2167 proficimus.

314 2211 365 2269 56.
409 2208 461 2267 De
500 2208 718 2268 industria
752 2208 799 2266 sic
834 2207 1029 2280 explicatur:
1068 2206 1119 2281 „id
1154 2207 1204 2265 est
1238 2207 1374 2266 scientia
1410 2210 1445 2267 ei

269 2322 480 2396 providentia.
523 2322 569 2380 Ea
611 2321 698 2380 enim
740 2337 821 2393 quae
860 2320 997 2380 dicimus
1033 2321 1065 2379 ct
1099 2318 1222 2378 scimus
1257 2321 1444 2394 operatione

270 2435 379 2510 genita
422 2437 454 2494 et
496 2435 655 2496 industria
698 2435 836 2507 quadam
879 2408 1033 2493 scimus.”
1075 2432 1258 2492 Lenissima
1293 2435 1442 2494 emenda-

268 2549 356 2608 tione
391 2550 487 2621 atque
521 2548 772 2622 transpositione
802 2548 910 2607 sanari
941 2549 1021 2607 haec
1050 2548 1203 2621 possunt;
1235 2546 1307 2620 lego
1335 2548 1442 2606 enim:

271 2678 329 2737 „ea
349 2662 436 2721 enim
460 2677 541 2734 quae
565 2661 687 2720 scimus
711 2662 895 2734 operatione
917 2649 1039 2735 ingenii
1063 2663 1096 2720 et
1119 2659 1279 2719 industria
1301 2661 1444 2733 quadam

268 2776 471 2835 didicimus.’'

312 3003 364 3078 IV,
391 3005 420 3077 5,
447 3003 498 3061 23.
520 3002 606 3063 Crito
622 3001 737 3060 andito
757 3003 930 3075 cognatam
950 3017 1045 3061 suam
1066 3000 1257 3074 Chrysidem
1276 3002 1444 3060 mortuam

268 3131 349 3191 esse,
372 3117 428 3175 sed
448 3116 589 3189 pueliam
610 3131 708 3188 quarn
727 3131 783 3188 pro
804 3131 912 3175 sorore
933 3115 1117 3174 educaverit
1133 3115 1189 3174 iila
1200 3115 1311 3174 vivere
1325 3130 1442 3187 neque-

266 3229 344 3286 dum
385 3244 479 3287 veros
515 3230 668 3302 cognatos
703 3245 779 3289 suos
813 3229 987 3303 invenisse,
1025 3227 1191 3301 Chrysidis
1226 3228 1444 3287 hereditatem

266 3344 374 3416 petere
405 3359 470 3402 non
500 3344 579 3419 vult,
612 3344 764 3416 quoniam
796 3343 934 3416 Glycerii
958 3343 1002 3402 sit
1026 3359 1067 3402 ex
1091 3357 1201 3415 aequo.
1228 3342 1316 3417 Quod
1340 3343 1442 3402 consi-

266 3455 348 3514 lium
371 3455 425 3514 ubi
449 3456 582 3531 aperuit,
608 3457 655 3515 sic
679 3457 836 3529 Mysidem
861 3456 1050 3529 alloquitur:

406 3569 474 3628 Duc
497 3585 550 3628 me
575 3570 614 3628 ad
639 3585 720 3645 eam,
747 3569 872 3642 quando
896 3569 959 3628 huc
981 3569 1066 3644 veni,
1091 3570 1128 3628 ut
1150 3569 1290 3628 videam.

264 3683 464 3742 Annotatur:
511 3684 582 3757 „vel
623 3684 683 3742 hoc
722 3683 826 3755 inquit
864 3684 908 3741 ut
942 3683 1117 3742 videam.
1154 3681 1217 3742 Cur
1251 3684 1363 3741 autem
1397 3684 1444 3741 ut

264 3796 454 3856 videam?
478 3797 553 3869 quia
576 3797 680 3855 tirnet.
702 3797 742 3854 Et
762 3798 812 3855 est
832 3796 924 3856 ordo:
947 3796 1008 3854 duc
1027 3811 1080 3854 me
1101 3796 1141 3854 ad
1161 3810 1233 3854 eam
1254 3797 1292 3854 ut
1310 3795 1443 3854 videam

264 3910 390 3982 quando
421 3908 484 3968 huc
514 3909 620 3968 veni.”
649 3909 744 3968 Haud
768 3909 861 3968 dubie
885 3908 1003 3968 mutila
1026 3909 1077 3967 est
1099 3908 1204 3982 prima
1226 3923 1302 3981 pars
1325 3907 1443 3966 scholii

264 4023 327 4093 (vel
341 4056 380 4063 -
394 4021 552 4093 videam);
577 4021 750 4094 requiritur
770 4021 850 4080 haec
869 4021 1048 4080 sententia:
1076 4021 1173 4096 „huc
1196 4021 1293 4080 veni
1316 4022 1361 4079 ui
1383 4036 1404 4078 v
1418 4020 1441 4078 i·

264 4135 380 4193 deam
415 4149 532 4192 sanum
567 4148 631 4192 non
665 4133 833 4207 praeberet
868 4135 1034 4193 sensum.'’
1070 4133 1182 4192 Altera
1216 4149 1291 4207 pars
1326 4132 1442 4192 scholii

264 4251 331 4316 (cur
350 4277 392 4289 —-
413 4248 517 4317 timet)
542 4247 603 4306 hoc
626 4245 803 4321 significat:
828 4246 933 4322 „Crito
954 4247 1023 4321 ipse
1043 4247 1111 4306 suis
1132 4247 1233 4306 oculis
1253 4247 1441 4322 Glycerium

262 4360 333 4419 vult
369 4361 569 4434 conspicere;
605 4359 789 4433 suspicatur
823 4360 911 4419 enim
942 4374 977 4418 se
1001 4375 1020 4418 a
1043 4359 1166 4432 Myside
1190 4359 1301 4435 decipi,
1328 4359 1440 4434 Glyce-

263 4473 348 4531 rium
369 4474 425 4531 aut
445 4474 609 4532 mortuam
629 4487 701 4531 esse
721 4474 778 4532 aut
798 4473 987 4532 iamdudum
1008 4489 1025 4532 e
1046 4472 1211 4546 Chrysidis
1224 4473 1357 4570 aedibus
1369 4490 1440 4547 pro-
