3234 5254
862 663 924 721 162

301 850 472 927 Klotziana
504 849 658 910 lectione:
697 849 770 924 „qui
805 851 1027 926 apparuerant,
1060 849 1187 923 quoties
1218 868 1338 926 coquus
1368 854 1458 930 affut,

301 966 353 1024 vel
384 965 510 1038 quoties
534 963 719 1024 convivium
743 965 793 1022 est
817 964 1063 1023 constitutum.”
1087 965 1198 1025 Malim
1222 966 1334 1027 tamen
1357 983 1460 1042 appo-

300 1081 486 1138 ruerunt.
507 1075 690 1137 Perfectum
711 1078 822 1137 autem
838 1077 990 1136 inverbis
1011 1083 1310 1156 apparuerunt,
1332 1081 1459 1155 affuit,

300 1196 365 1253 est
392 1193 679 1253 constitutum
707 1207 777 1250 rem
801 1189 970 1267 significat,
996 1207 1077 1265 quae
1102 1194 1285 1254 antehac
1308 1211 1462 1269 semper

298 1307 385 1367 facta
415 1307 467 1367 sit.
501 1305 689 1366 Conclamat
711 1306 806 1364 miles
831 1317 885 1365 eos
909 1304 963 1379 qui
986 1308 1156 1379 praesente
1180 1322 1279 1381 coquo
1304 1309 1462 1371 abfuerunt

299 1438 474 1496 nunquam.
517 1422 688 1481 Praeterea
726 1436 791 1479 non
825 1421 996 1494 legendum
1031 1420 1098 1480 vel
1133 1421 1303 1495 quoties
1338 1423 1460 1482 convi-

298 1537 411 1597 vium
435 1539 500 1596 est
524 1535 811 1596 coustitutum
832 1536 905 1594 sed:
931 1533 970 1594 id
995 1536 1059 1594 est
1083 1536 1254 1608 quoties
1278 1552 1303 1596 c.
1319 1554 1344 1597 6.
1359 1553 1384 1596 c.

341 1741 378 1816 V,
408 1742 437 1816 3,
463 1741 493 1800 9.
518 1740 666 1800 Eccum
689 1739 992 1798 Parmenonem
1016 1739 1215 1799 incedere
1239 1741 1372 1812 video]
1398 1755 1461 1815 „res

297 1854 368 1913 odio
399 1854 532 1928 dignior,
564 1853 708 1913 novitate
740 1852 864 1912 scilicet
891 1852 1071 1911 incessus”
1105 1854 1225 1913 Sensus
1256 1855 1308 1914 hic
1334 1855 1413 1915 latet
1433 1854 1462 1912 in

297 1969 404 2028 verbis
443 1968 616 2042 corruptis:
657 1967 882 2027 incedendi
913 1967 1050 2026 verbum
1083 1970 1115 2027 et
1145 1970 1387 2029 substantivum
1417 1969 1461 2027 ln·

298 2098 445 2142 cessus
469 2082 507 2141 de
530 2082 666 2155 superbo
691 2097 728 2140 ac
751 2081 915 2154 arroganti
939 2080 1071 2140 homine
1096 2083 1274 2143 adhibetur.

342 2285 378 2362 V,
412 2288 441 2361 5,
477 2287 526 2345 19.
562 2285 736 2359 „Pythias”
769 2283 949 2343 Scholiasta
980 2285 1026 2343 ait
1060 2286 1229 2359 „laborans
1252 2287 1292 2346 ad
1315 2285 1461 2346 contradi·

297 2400 434 2458 cendum
468 2399 635 2459 amitteret
668 2397 765 2457 fidem
799 2398 952 2472 supplicis
986 2401 1175 2471 personae.”
1208 2400 1462 2479 ingeniosissime

296 2511 539 2585 rectissimeque
580 2509 827 2571 Westerhovius
864 2525 920 2584 pro
956 2510 1168 2584 supplicis
1203 2513 1346 2585 reposuit
1375 2513 1461 2580 uim·

297 2625 435 2699 plicis.

340 2829 377 2905 V,
410 2831 439 2904 6,
475 2831 502 2887 1.
538 2828 720 2902 „Firmntur
750 2827 870 2887 mentis
901 2829 1008 2887 status
1031 2830 1223 2903 trepidantis
1247 2831 1334 2890 senis
1358 2834 1394 2890 ut
1416 2845 1461 2903 ap-

294 2946 406 3017 pareat
429 2959 527 3016 quam
552 2942 748 3016 inopinato.'’
773 2941 867 3004 Haud
892 2940 985 3000 dubie
1007 2946 1156 3017 corrupta
1175 2944 1264 3004 haec.
1286 2945 1462 3018 Requiritur

294 3059 473 3118 sententia:
512 3055 645 3132 „firmus
680 3057 801 3116 mentis
836 3057 943 3116 status
976 3057 1168 3131 (depingitur
1198 3060 1344 3130 minime)
1375 3059 1461 3133 trepi-

294 3173 401 3232 dantis
432 3174 540 3232 senis''
573 3174 592 3233 i.
607 3189 634 3232 6.
669 3187 790 3246 „senex
820 3173 955 3232 verbose
986 3172 1172 3246 placideque
1196 3190 1307 3234 secum
1330 3176 1462 3249 loquitur

293 3283 332 3345 ut
354 3288 407 3360 qui
431 3288 509 3346 mali
532 3289 659 3346 metuat
681 3287 793 3346 nihil.'’
1292 3263 1294 3268 ,

341 3403 392 3461 24.
416 3402 645 3474 Numquid
669 3403 734 3460 est
758 3401 872 3460 aliud
896 3403 998 3460 mali
1023 3403 1228 3472 damnive]
1257 3402 1357 3477 „Cum
1381 3404 1461 3462 dam·

294 3531 373 3575 num
393 3516 517 3576 malum
538 3516 590 3590 sit,
612 3515 651 3574 de
671 3515 818 3588 proximo
840 3515 993 3573 collatum
1014 3516 1237 3576 discernitur.’'
1259 3517 1311 3576 Sic
1331 3517 1460 3590 accipio:

296 3631 472 3705 „damnum
503 3629 628 3689 malum
660 3628 790 3700 quidem
822 3628 880 3702 est,
913 3628 969 3686 sed
1001 3628 1029 3686 si
1052 3629 1199 3702 proxime
1223 3629 1307 3688 inter
1331 3645 1365 3689 se
1387 3632 1461 3690 haec

293 3743 449 3803 vocabula
473 3745 643 3818 ponuntur,
670 3719 843 3800 discrimen
866 3741 1041 3800 nascitur.'’

337 3945 374 4021 V,
416 3947 445 4022 8,
485 3948 512 4006 l.
551 3945 611 4020 „Et
644 3959 742 4018 supra
776 3958 876 4016 quum
911 3943 951 4001 ad
985 3943 1077 4002 litem
1110 3945 1248 4021 venitur,
1285 3961 1326 4005 ex
1359 3944 1460 4004 verbis

294 4058 469 4119 Thrasonis
511 4059 723 4118 manifestum
766 4058 816 4116 est
858 4059 891 4115 et
929 4055 1133 4116 Gnathonem
1168 4059 1308 4119 invitum
1343 4057 1459 4132 sequi.”

295 4174 490 4249 Quantocius
515 4176 654 4234 alterum
678 4173 764 4232 istud
788 4174 828 4232 et
851 4170 1087 4245 expellendum.
1210 4141 1212 4153 Ι

310 4373 312 4378 ’
339 4377 375 4454 V,
402 4379 431 4454 9,
454 4379 505 4438 20.
526 4377 595 4438 Hoc
619 4376 763 4436 scholion
783 4377 816 4434 et
835 4373 918 4446 quod
938 4374 1082 4446 sequitur
1102 4374 1182 4466 hene
1203 4391 1222 4435 a
1240 4375 1459 4437 Westerhovio

293 4495 370 4551 sunt
393 4493 553 4552 restituta.
