3254 5274
731 681 773 741 39

164 869 362 929 Scholiasta:
386 869 504 944 ,aliam
524 884 657 928 causam
677 869 878 929 subtiliorem
899 869 1045 944 assignat
1063 872 1225 945 parasitus
1237 889 1336 946 quam

162 983 291 1042 dixerat
326 983 453 1042 miles”
489 982 701 1042 Rectissime:
737 983 832 1042 miles
867 984 954 1043 enim
989 1000 1024 1043 se
1058 985 1201 1045 invisum
1232 988 1336 1048 reddit

162 1096 328 1170 gloriando
370 1113 405 1156 se
440 1098 562 1156 divitiis
596 1098 665 1157 suis
700 1097 828 1157 facilem
862 1098 924 1157 sibi
958 1099 998 1158 ad
1032 1099 1188 1160 Thaidem
1222 1116 1335 1174 parare

162 1211 297 1270 aditum.
323 1210 415 1271 Hanc
438 1211 595 1270 invidiam
619 1210 732 1270 callide
756 1211 795 1270 ab
819 1227 856 1270 eo
879 1213 1026 1272 removet
1049 1212 1186 1273 Gnatho.

205 1324 362 1384 Restante
398 1324 497 1384 etiam
532 1323 653 1383 Thaide
687 1326 723 1385 ut
758 1324 841 1384 dona
874 1324 1050 1385 Phaedriae
1085 1327 1269 1388 introducat
1301 1331 1335 1389 et

163 1437 288 1498 ancillis
312 1438 381 1496 suis
404 1437 542 1512 imperet
565 1438 733 1513 quaedam,
758 1438 881 1498 Thraso
905 1443 963 1508 (vs.
988 1440 1082 1510 49411

402 1611 403 1614 ,
427 1551 493 1626 ugo
517 1553 592 1612 hinc
615 1553 703 1628 abac,
728 1554 764 1613 tu
787 1553 892 1613 istanc
915 1555 1068 1628 opperire.

162 1665 259 1725 Haec·
293 1664 497 1725 Gnathonem
539 1666 634 1725 miles
669 1666 766 1742 iubet,
802 1668 971 1740 tamquam
1006 1669 1060 1740 qui
1094 1684 1209 1743 parum
1244 1675 1335 1732 curet
1441 1717 1443 1724 .

162 1778 326 1854 Thaidem,
356 1781 526 1852 certusque
550 1780 593 1838 sit
616 1795 690 1839 eam
713 1780 782 1838 suis
805 1780 897 1840 donis
921 1782 1024 1841 teneri
1047 1783 1247 1844 obstrictam.
1272 1786 1333 1845 Sed

163 1908 240 1952 mox
282 1894 422 1952 exeunte
464 1893 583 1952 Thaide
628 1893 799 1953 consilium
840 1895 948 1954 mutat
986 1895 1253 1971 Gnathonemque
1286 1900 1335 1960 sic

164 2006 334 2079 alloquitur
358 2007 462 2076 (499);

534 2120 597 2179 Abi
620 2136 705 2195 prae,
732 2136 808 2180 cura
831 2123 868 2180 ut
890 2122 957 2180 sint
979 2123 1067 2182 domi

426 2234 552 2294 Parata.

205 2349 326 2409 Abiens
350 2349 449 2408 Thais
472 2350 553 2408 haec
576 2349 726 2422 Pythiadi
750 2350 885 2410 ancillae
908 2352 1043 2411 mandat
1067 2355 1140 2422 (501
1165 2357 1263 2427 sqq.):

249 2463 314 2522 Fac
337 2477 438 2538 curce,
464 2463 492 2521 01
516 2461 670 2522 0111011100
693 2462 754 2523 hoo
776 2463 859 2523 10110
883 2464 1058 2540 advenerit,

249 2576 295 2636 Ut
315 2590 396 2651 ores,
421 2576 564 2649 primum
587 2577 624 2635 ut
647 2576 774 2635 redeat:
799 2577 828 2635 si
851 2577 883 2636 id
906 2592 970 2637 non
994 2580 1243 2656 commodumst,

250 2690 296 2750 Ut
318 2689 467 2749 maneat:
492 2689 521 2748 si
545 2689 576 2749 id
600 2705 664 2750 11011
687 2690 807 2764 poterit
830 2691 869 2750 ad
893 2707 946 2751 me
970 2693 1129 2754 adducito.

163 2805 260 2864 Recte
279 2818 365 2863 nunc
385 2802 460 2862 hoc
479 2802 591 2862 10110
611 2802 730 2876 legitur
748 2819 805 2877 pro
825 2804 1050 2882 1111010110,
1072 2809 1155 2880 quod
1175 2825 1194 2868 a
1213 2809 1333 2869 Thaide

163 2918 222 2977 dici
253 2933 317 2978 non
348 2919 463 2993 potest,
496 2917 649 2990 quoniam
680 2919 767 2978 certo
799 2917 1005 2980 Chremetem
1029 2923 1205 2998 exspectat,
1231 2938 1333 2995 neque

162 3047 299 3104 usquam
330 3031 406 3092 alibi
436 3046 535 3104 quam
562 3032 649 3091 domi
673 3047 760 3092 suae.
785 3031 843 3092 Est
866 3035 977 3093 autem
1000 3035 1075 3095 hoc
1097 3035 1113 3094 1
1118 3037 1226 3096 orte:
1253 3037 1333 3112 ,hoc

163 3145 316 3219 temporis
340 3145 519 3220 intervallo,
546 3145 623 3204 dum
647 3161 705 3218 ego
728 3145 810 3205 10110
835 3146 982 3206 absum.”

205 3258 348 3318 Tandem
373 3257 447 3328 (504
472 3261 548 3331 sq.):

546 3372 638 3444 quid!
664 3373 739 3444 quid
763 3373 849 3433 aliud
873 3373 960 3433 volui
983 3374 1111 3434 dicere?

383 3485 502 3546 Ehem:
529 3487 638 3545 curate
662 3486 761 3545 istam
785 3486 955 3560 diligenter
977 3487 1146 3561 virginem.

164 3598 208 3657 Ne
226 3599 299 3671 quis
319 3599 445 3672 ignoret
464 3599 539 3672 quid
558 3600 638 3659 haec
657 3600 718 3658 sibi
737 3600 848 3676 velint,
869 3601 1024 3661 lectorem
1044 3618 1160 3662 11101100
1179 3603 1333 3662 festinare

165 3711 335 3772 Thaidem:
360 3713 512 3786 intelligit
535 3713 622 3772 0111111
646 3713 785 3773 militem
809 3715 904 3774 irasci
927 3730 991 3773 non
1015 3730 1087 3774 esse
1111 3732 1128 3776 e
1151 3732 1185 3776 re
1208 3732 1277 3775 sua.

205 3826 294 3886 Haec
324 3825 379 3885 ubi
410 3826 504 3902 dicta,
538 3826 577 3886 ad
608 3827 748 3886 militem
766 3829 951 3904 ¹coenatum
983 3828 1102 3888 abeunt
1131 3830 1226 3889 miles
1254 3830 1331 3904 ipse,

164 3938 266 4016 Thais,
293 3939 429 4000 Gnatho.
