3234 5254
847 629 908 686 170

333 815 517 889 Respondet
547 815 636 874 leno:
671 831 749 890 „ego
780 831 872 890 spem
902 816 1004 890 pretio
1036 832 1100 875 nou
1128 817 1233 876 emo,”
1257 815 1319 874 Hic
1342 815 1459 888 Syrus:

292 944 476 1003 „nunquam
500 944 569 987 rem
593 929 723 988 166166.”
748 930 798 989 Ad
821 945 903 1002 quae
925 930 1024 989 verba
1048 931 1238 989 annotatur:
1263 928 1353 1003 „leno
1375 927 1459 1001 quid·

289 1041 364 1115 quid
388 1042 455 1115 agit
478 1042 518 1101 ad
541 1041 667 1102 lucrum
690 1043 804 1102 refert:
831 1045 863 1101 et
882 1043 930 1102 sic
949 1042 1029 1102 lucri
1049 1057 1151 1116 genus
1172 1042 1249 1101 dicit
1269 1056 1340 1100 esse
1362 1042 1460 1114 Syrus

288 1171 306 1214 a
318 1155 441 1230 lenone,
456 1157 729 1228 quemadmodum
741 1158 944 1231 persuadet.”
959 1158 1062 1217 Sensu
1075 1172 1177 1216 cassa.
1191 1157 1353 1230 Propone:
1370 1156 1460 1230 „leno

288 1269 439 1342 quidquid
463 1269 530 1342 agit
553 1270 593 1328 ed
616 1270 742 1330 lucrum
766 1271 872 1345 refert,
898 1272 931 1330 61
955 1271 1002 1330 616
1025 1285 1140 1344 spem
1164 1270 1244 1329 lucri
1263 1284 1365 1343 genus
1386 1269 1461 1328 dicit

289 1396 360 1440 esse
385 1382 485 1455 Syrus
508 1382 652 1442 lenoni
679 1399 797 1457 quem
822 1385 868 1443 ad
892 1384 1235 1458 morigerendum
1258 1383 1460 1457 persuadet.'’

310 1495 313 1503 “
336 1497 385 1555 18.
410 1497 540 1571 „Nunc”
563 1497 663 1569 Syrus
684 1498 729 1556 ait
749 1497 920 1571 „ancillam
932 1500 1024 1557 tuam
1037 1497 1224 1572 Ctesiphoni
1237 1497 1339 1556 vende
1351 1496 1462 1570 quanti

289 1612 340 1669 est
364 1611 490 1684 empta;
514 1625 645 1683 peregre
669 1610 728 1669 tibi
752 1609 1019 1684 proficiscendum
1044 1612 1127 1670 scio:

485 1722 539 1782 ubi
563 1723 660 1798 illinc,
685 1739 787 1799 spero,
813 1725 955 1799 redieris
978 1727 1089 1784 tamen
1113 1725 1174 1784 hoc
1198 1725 1306 1798 ages.’'

288 1838 338 1897 Ad
368 1838 436 1897 ubi
467 1837 599 1912 illinc,
632 1853 763 1914 spero,
799 1837 982 1897 redieris
1014 1839 1203 1897 annotetur:
1239 1853 1301 1911 „ex
1325 1853 1382 1912 spe
1405 1851 1462 1895 sua

288 1953 359 2013 vult
386 1953 487 2026 Syrus
510 1952 679 2012 ostendere
702 1953 778 2026 quid
801 1952 873 2012 leno
898 1954 1013 2013 debeat
1036 1969 1174 2029 sperare,
1201 1954 1232 2012 id
1257 1955 1316 2028 est,
1344 1969 1406 2012 non
1430 1969 1462 2012 66

289 2068 496 2141 accepturum
526 2067 653 2126 modo.'’
685 2066 774 2126 Haec
805 2082 869 2126 non
896 2067 1057 2141 iutelligo;
1083 2067 1218 2141 periisse
1242 2067 1330 2126 hunc
1354 2066 1463 2126 scholii

288 2181 387 2242 finem
410 2181 572 2255 suspicor:
589 2181 798 2268 ·„pecuniam‚
824 2182 881 2241 sed
906 2181 1006 2241 etiam
1030 2182 1068 2240 de
1092 2181 1214 2255 reliquo
1240 2181 1420 2240 acturumff’

334 2297 385 2356 20.
418 2295 554 2355 Inieci
584 2294 830 2368 scrupulum
861 2295 1033 2365 homini]
1070 2296 1150 2370 „hoc
1173 2296 1245 2354 leno
1269 2310 1335 2354 non
1360 2294 1461 2364 audit;

289 2410 388 2469 simul
419 2410 506 2469 euim
539 2409 656 2469 dicitur
678 2424 779 2481 quum
803 2409 856 2468 1116
881 2409 1010 2469 clamat.
1035 2409 1076 2469 Et
1099 2409 1169 2468 ideo
1193 2409 1292 2468 simul
1316 2409 1381 2483 legi
1402 2423 1463 2467 uon

288 2524 427 2598 potest.'‘
451 2523 576 2582 Ultima
599 2523 647 2582 sic
669 2523 790 2596 scripta
813 2526 891 2582 sunt
915 2523 1011 2582 abeo
1033 2523 1087 2596 qui
1108 2523 1140 2582 in
1161 2523 1247 2582 clara
1267 2522 1339 2582 luce
1360 2535 1462 2582 caecu-

288 2638 374 2698 tiret.
410 2637 531 2712 integri
565 2637 679 2696 scholii
714 2636 792 2696 haec
828 2637 891 2696 fuit
921 2637 1099 2697 sententia:
1137 2651 1356 2712 „quamquam
1386 2649 1463 2709 quae

290 2752 390 2826 Syrus
421 2750 498 2811 dicit
529 2753 562 2810 61
585 2767 666 2825 quae
698 2751 816 2810 Sannio
848 2751 968 2814 clamat
996 2751 1147 2824 deinceps
1170 2751 1330 2824 leguntur,
1357 2752 1463 2810 tamen

289 2866 322 2924 iu
345 2881 442 2926 scena
465 2865 563 2925 simul
587 2866 664 2924 sunt
688 2865 935 2938 pronuntianda.
961 2865 1062 2937 Syrus
1087 2865 1175 2924 enim
1195 2879 1308 2923 secum
1327 2863 1464 2938 loquitur

290 2982 321 3040 et
345 2980 450 3040 itaut
474 2978 592 3038 Sannio
615 2993 680 3037 non
705 2978 845 3038 audiat.”

334 3097 386 3156 36.
423 3095 572 3154 Omnes
607 3094 756 3153 dentes
790 3094 999 3154 labefecit
1035 3093 1149 3165 mihi]
1190 3093 1327 3169 „iniuria
1362 3093 1464 3154 lenoni

289 3210 367 3268 tuuc
390 3209 484 3284 dolet,
510 3224 609 3282 quum
634 3207 786 3267 adiuncta
810 3208 928 3267 damno
952 3209 1018 3267 est:
1041 3208 1086 3293 ut
1109 3223 1222 3280 supra:

691 3322 817 3394 quando
843 3337 918 3380 eum
943 3322 1116 3394 quaestum
1140 3321 1302 3394 occeperis

400 3437 594 3510 Accipienda
618 3438 651 3495 et
674 3434 879 3494 mussitanda
902 3435 1020 3494 iniuria
1043 3436 1093 3494 est
1118 3434 1383 3495 adolescentium.

289 3551 348 3610 Vel
390 3550 506 3610 idcirco
547 3549 746 3610 enumeratis
789 3550 994 3608 contumeliis
1033 3549 1166 3609 adiecit:
1204 3549 1304 3608 etiam
1339 3549 1464 3623 insuper

290 3665 479 3724 defrudet?”
504 3665 565 3724 Pro
588 3665 655 3725 vel
687 3665 848 3724 idcirco
873 3664 1046 3738 legendum
1069 3665 1120 3723 est
1143 3666 1183 3723 et
1206 3664 1378 3723 idcireo.

334 3779 500 3852 Sequitur:
536 3780 589 3853 „et
619 3779 691 3838 vide
719 3779 756 3837 ut
780 3777 894 3836 eadem
918 3793 1000 3851 quae
1024 3778 1107 3837 dixit
1131 3793 1228 3851 supra
1251 3780 1387 3854 repetat,
1412 3776 1463 3836 sed

289 3893 455 3954 ardentius
478 3895 590 3952 tamen
613 3893 646 3952 61
670 3907 744 3954 cum
767 3889 898 3968 αὐξήσει.
926 3891 978 3951 Sic
997 3891 1151 3965 Virgilius
1170 3891 1205 3950 in
1221 3891 1329 3951 maius
1342 3892 1462 3966 repetit,

291 4008 373 4081 quod
396 4022 461 4066 non
484 4006 586 4065 semel
606 4003 715 4065 dicit.''
736 4003 803 4064 Aut
822 4005 913 4065 locus
933 4020 950 4064 6
969 4004 1103 4079 Virgilio
1125 4005 1243 4064 citatus
1264 4004 1317 4064 hic
1338 4005 1462 4077 excidit,

290 4125 355 4199 aut,
389 4123 420 4181 id
451 4122 535 4196 quod
566 4119 776 4180 verisimilius
803 4119 939 4194 videtur,
965 4119 1073 4193 ipsum
1096 4119 1222 4193 Virgilii
1245 4134 1367 4179 nomen
1390 4119 1464 4178 vitio

289 4237 404 4295 natum
428 4237 487 4294 661.

240 4330 243 4336 ’
335 4350 388 4408 44.
412 4349 450 4407 in
475 4347 746 4408 Westerhoviana
769 4347 1000 4407 obscurissima
1024 4347 1076 4406 hic
1099 4347 1216 4421 legitur
1239 4346 1407 4406 annotatio
1429 4345 1463 4404 de

290 4463 384 4521 novis
405 4461 552 4536 personis
572 4461 605 4520 iu
621 4477 753 4521 scenam
766 4461 1005 4537 prodeuntibus
1019 4476 1157 4535 quarum
1170 4461 1311 4520 adventu
1323 4459 1464 4534 quaestio
