3254 5274
798 663 841 722 59

228 847 359 906 retinet.
395 847 514 920 „Volo”
546 847 604 917 (ait
634 847 687 908 ille
718 863 766 908 ve.
800 849 874 917 764)
909 865 987 924 „ego
1018 850 1131 909 adesse
1155 848 1207 908 hic
1230 849 1404 908 advocatos

228 959 324 1018 nobis
355 959 388 1019 in
419 960 514 1020 turba
544 961 637 1021 hac.‘’
668 961 862 1021 Rectissime
894 963 1029 1022 annotat
1060 961 1256 1022 Scholiasta:
1291 961 1403 1036 „quasi

229 1072 341 1132 minus
364 1073 481 1133 timeat
504 1074 624 1148 cupio
648 1090 712 1134 non
736 1074 840 1149 inquit
863 1076 919 1135 sed
942 1076 1069 1136 volo.'’
1098 1051 1102 1059 ⁵

276 1186 409 1260 lamque
440 1188 606 1261 tamquam
640 1188 680 1247 ad
711 1189 814 1248 testes
844 1189 1053 1249 arcessendos
1080 1188 1226 1249 abiturus
1252 1189 1404 1248 omitte

229 1299 361 1375 clamat,
390 1316 407 1360 e
431 1315 493 1374 quo
516 1301 613 1360 verbo
638 1303 770 1376 apparet
793 1317 893 1362 manu
917 1317 992 1362 eum
1016 1318 1035 1362 a
1058 1303 1179 1364 Thaide
1202 1301 1342 1377 retineri,
1367 1305 1404 1362 ut

228 1415 319 1473 recte
343 1413 524 1474 Scholiasta
547 1415 648 1475 docet.

456 1527 527 1603 „Nil
550 1543 631 1602 opus
654 1530 706 1588 est
724 1527 797 1588 istis
817 1528 993 1590 Chremes’
1018 1530 1065 1590 ait
1083 1530 1139 1590 illa
1158 1533 1216 1599 (vs.
1239 1530 1302 1590 765
1323 1533 1403 1603 sqq).

299 1640 368 1701 Hoc
390 1642 486 1702 modo
510 1641 569 1717 dic,
594 1657 739 1702 sororem
763 1658 835 1702 esse
859 1643 949 1703 illam
973 1645 1065 1703 tuam
1089 1647 1122 1704 et
1145 1645 1178 1704 te
1201 1659 1337 1718 parvam

1231 1756 1403 1831 [virginem

299 1852 469 1944 Amisisse
495 1884 580 1929 nunc
603 1884 767 1946 cognosse,
792 1869 887 1944 signa
909 1871 1052 1930 ostende.

228 1981 401 2056 Egregiam
425 1983 478 2042 hic
496 1983 655 2042 habemus
675 1983 874 2044 scholiastae
893 1984 1154 2044 annotationem:
1177 1985 1406 2058 „haecomnia

230 2095 280 2155 sic
302 2095 539 2170 pronuntianda
561 2098 599 2156 ut
621 2098 654 2156 et
677 2098 764 2157 iusta
787 2099 820 2157 et
842 2097 930 2158 factu
953 2097 1062 2158 facilia
1084 2098 1285 2158 videantur.'’

277 2211 404 2270 Interea
427 2209 563 2284 Pythias
586 2212 799 2271 monumenta
822 2210 878 2270 illa
901 2227 957 2285 per
980 2213 1084 2270 totam
1105 2211 1238 2272 domurn
1258 2212 1406 2286 quaesita

230 2324 326 2384 affert
357 2326 391 2384 et
421 2322 585 2385 Chremeti
615 2324 724 2384 tradit.
749 2325 810 2385 Sed
834 2341 874 2384 ne
898 2324 945 2385 sic
969 2326 1098 2399 quidem
1121 2329 1255 2401 paratus
1278 2325 1331 2386 ille
1355 2328 1407 2386 est

230 2439 273 2497 ad
302 2438 442 2498 militem
466 2438 612 2498 animose
637 2438 901 2512 exspectandum.
926 2439 997 2500 Hac
1020 2439 1120 2499 etiam
1145 2440 1174 2499 ei
1198 2439 1329 2500 Thaidis
1353 2439 1403 2499 ad-

229 2552 409 2613 monitione
429 2568 509 2627 opus
529 2555 596 2612 est:
613 2553 744 2628 „attolle
757 2552 913 2627 pallium”
925 2569 932 2612 :
946 2553 1000 2628 qui
1013 2552 1100 2613 enim
1113 2553 1237 2613 otiosus
1249 2554 1403 2629 ambulat,

230 2666 302 2726 eius
322 2666 457 2741 pallium
477 2667 517 2726 ad
536 2667 634 2741 pedes
654 2669 705 2726 est
724 2666 921 2741 demissum;
943 2682 1018 2726 cum
1037 2667 1123 2726 seria
1141 2683 1193 2726 res
1213 2670 1264 2727 est
1282 2667 1406 2741 agenda

230 2779 400 2840 attollitur.
422 2779 481 2839 (lui
500 2780 712 2841 admonitioni
732 2781 816 2840 hanc
834 2780 975 2855 lepidam
989 2780 1045 2840 illa
1057 2780 1145 2872 addit
1159 2781 1404 2854 querimoniam:

298 2894 392 2969 Perii,
417 2894 492 2953 huic
515 2893 576 2968 ipsi
600 2909 680 2968 opus
699 2896 750 2954 est
769 2896 913 2968 patrono,
934 2908 1031 2967 quem
1051 2894 1253 2954 defensorem
1273 2908 1359 2968 pare.

702 3155 941 3164 ——n—--

639 3368 749 3426 Adrus
773 3365 817 3425 IV
841 3367 949 3426 Souna
973 3367 1002 3426 7.

278 3581 348 3641 lam
372 3581 464 3639 adest
487 3580 582 3640 miles
606 3596 681 3641 cum
705 3580 874 3640 Gnathone
897 3579 1120 3654 ministrisque
1141 3596 1222 3653 quos
1241 3579 1406 3653 copiarum

232 3696 336 3754 instar
370 3693 511 3753 instruat
544 3693 577 3752 vi
612 3694 855 3768 expugnaturus
890 3693 1021 3752 Thaidis
1057 3694 1152 3752 aedes
1183 3693 1406 3766 virginemque

233 3809 411 3881 erepturus.
443 3807 530 3867 Nihil
561 3823 704 3880 unquam
735 3807 905 3867 venustius
935 3806 1092 3881 scriptum
1124 3808 1176 3866 est
1206 3821 1304 3879 quarn
1327 3805 1407 3863 haec

233 3923 311 3980 sunt
332 3920 446 3981 ludicri
467 3922 671 3995 imperatoris
690 3936 809 3995 magna
829 3921 929 3980 verba
947 3920 1129 3993 minaeque.
1151 3919 1282 3994 Singula
1301 3934 1405 3992 perse·

233 4050 381 4108 quamur.
405 4034 460 4094 Vs.
486 4035 567 4094 771:

323 4147 469 4207 Hancine
489 4163 547 4220 ego
566 4149 604 4206 ut
623 4147 854 4207 contumeliam
870 4149 940 4206 tam
952 4146 1114 4221 insignem
1127 4147 1160 4205 in
1172 4160 1225 4203 me
1238 4144 1404 4218 accipiam,

655 4268 659 4275 '
1198 4257 1361 4328 [enormi

235 4376 272 4434 ln
302 4365 461 4434 eiusmodi
491 4375 795 4448 interrogationibus
826 4389 892 4433 vox
915 4375 959 4432 ut
982 4388 1056 4432 earn
1079 4371 1148 4430 vim
1171 4370 1269 4429 habet
1291 4371 1328 4428 ut
1351 4369 1405 4428 ali·

235 4488 306 4566 quis
331 4503 405 4548 cum
428 4488 519 4567 gravi
543 4487 762 4566 indignatione
782 4489 913 4566 respuat
932 4487 1123 4562 abiiciatque
1143 4484 1226 4560 quod
1246 4483 1285 4544 ab
1305 4481 1406 4543 altero
