3230 5260
731 673 790 731 117

214 862 483 921 Adnumerandae
511 861 562 920 his
592 862 759 934 praeterea
790 860 1005 934 etymologiae
1033 859 1212 933 nominum,
1237 873 1342 916 servo-

168 990 243 1034 rum
265 975 466 1050 praesertim.

213 1201 286 1266 111.
318 1202 543 1277 Philosophica
566 1202 734 1277 quaedam,
760 1218 862 1274 neque
887 1202 992 1262 multa
1015 1217 1118 1275 neque
1142 1202 1259 1275 inepta,
1282 1193 1338 1256 an·

167 1311 259 1374 οὐδὲν
291 1315 365 1394 πρὸς
395 1314 447 1375 τὸν
466 1313 609 1394 Ὅμηρον.
635 1317 730 1377 Haud
755 1316 868 1376 inutile
892 1317 1020 1375 videtur
1043 1331 1124 1389 quae
1148 1317 1225 1374 sunt
1247 1314 1343 1372 huius

166 1432 295 1507 generis
319 1432 442 1492 afferre.

211 1547 310 1606 Andr.
346 1546 370 1621 1,
410 1547 437 1620 1,
470 1546 500 1605 3.
536 1545 607 1619 „Ut
638 1547 840 1604 curentur
870 1547 986 1604 recte
1016 1545 1134 1602 haec:
1166 1541 1344 1616 Diligenter

166 1661 361 1734 coquantur:
394 1659 516 1718 curatio
547 1657 672 1732 proprie
703 1657 903 1716 medicorum
934 1659 993 1732 est,
1027 1673 1103 1716 cura
1133 1656 1365 1729 reliquorum,

165 1775 223 1834 sed
247 1774 382 1846 coquina
405 1771 584 1831 medicinae
608 1771 798 1830 famulatrix
822 1773 904 1830 est.''
929 1771 981 1830 Sic
1001 1772 1114 1845 editur,
1136 1785 1211 1830 cum
1230 1771 1343 1828 tamen

165 1887 200 1946 in
231 1886 422 1959 quibusdam
454 1885 615 1946 codicibus
645 1885 690 1944 sit
713 1885 942 1959 adulatriX,
968 1884 1051 1957 quod
1074 1884 1186 1956 utiquc
1209 1883 1341 1958 proban-

165 2001 253 2060 dum.
293 1999 561 2059 Famulatrix
600 1999 687 2057 enim
722 1998 814 2057 nihili
849 2000 900 2058 est
934 1997 1137 2071 vocabulum,
1175 1998 1207 2055 et
1240 1997 1342 2055 totius

165 2113 386 2174 annotationis
416 2113 476 2172 hoc
507 2114 558 2172 est
589 2112 759 2172 consilium
791 2114 827 2171 ut
858 2113 1012 2185 appareat
1036 2126 1111 2169 eum
1135 2110 1189 2182 qui
1212 2110 1342 2183 scripsit

165 2229 310 2288 Platonis
345 2226 497 2301 Gorgiam
527 2226 655 2300 legisse,
688 2225 742 2283 ubi
774 2223 807 2282 αἱ
834 2222 962 2302 τέτταρες
993 2221 1089 2302 τέχναι
1120 2227 1182 2294 ταῖς
1213 2219 1342 2300 τέτταρσι

164 2339 311 2410 θωπείαις
336 2339 548 2413 opponuntur.

209 2454 260 2514 Ad
293 2467 426 2511 versum
464 2454 655 2525 sequentem
691 2453 883 2511 annotatum
918 2450 1103 2509 iuvenimus
1137 2451 1171 2509 in
1206 2451 1343 2524 quatuor

164 2568 274 2640 partes
308 2567 466 2625 virtutem
501 2565 609 2641 dividi,
645 2566 859 2640 prudentiam,
896 2564 1066 2638 iustitiam,
1106 2563 1339 2639 fortitudinem,
1366 2621 1369 2627 .

165 2681 428 2755 temperantiam.
454 2680 543 2739 Haec
566 2695 691 2752 quoque
715 2680 886 2753 sumptae
910 2678 1053 2737 Platone.

210 2795 308 2853 Andr.
341 2794 393 2869 IV,
423 2795 452 2869 3,
478 2796 505 2853 1.
531 2793 581 2853 Ad
603 2793 719 2852 verba:
747 2792 858 2867 ,Nilne
883 2807 955 2851 esse
979 2790 1143 2865 proprium
1168 2791 1339 2864 cuiquam”

163 2909 246 2966 haec
276 2909 489 2967 annotantur:
524 2922 640 2982 „omne
675 2907 759 2979 quod
797 2905 955 2964 habemus
987 2906 1043 2963 aut
1078 2906 1268 2963 mutuum
1292 2905 1343 2962 est

166 3025 223 3081 aut
246 3021 472 3096 proprium.
497 3021 579 3094 Ergo
603 3021 819 3094 proprium
843 3021 1044 3093 perpetuum,
1070 3019 1106 3077 ut
1129 3017 1300 3091 Virgilius:

480 3134 612 3208 Propria
634 3135 714 3193 haec
737 3134 766 3192 si
790 3134 872 3192 dona
895 3132 1043 3191 fuissent.

210 3248 292 3322 Ergo
315 3247 396 3308 nihil
419 3248 512 3307 nobis
535 3248 700 3321 proprium
724 3263 795 3306 esse
819 3247 943 3320 potest:
970 3246 1052 3319 quod
1077 3245 1164 3304 enim
1187 3245 1341 3320 nonfuit,

164 3377 225 3421 nec
247 3377 319 3421 esse
339 3361 469 3435 quidem
489 3362 605 3434 potest,
627 3362 684 3419 aut
703 3360 787 3433 quod
807 3359 886 3433 eripi
907 3360 1022 3434 potest,
1037 3374 1101 3417 non
1114 3360 1164 3417 est
1176 3361 1342 3417 nostmm:

163 3475 228 3533 nisi
252 3475 316 3550 illa,
342 3490 423 3548 quae
448 3475 527 3547 eripi
549 3489 614 3533 non
637 3475 782 3548 possunt,
807 3475 844 3532 ut
868 3473 1036 3547 sapientia,
1061 3471 1240 3546 prudentia,
1263 3486 1344 3544 quae

164 3589 295 3648 fortuna
317 3603 421 3661 neque
446 3588 521 3647 dare
544 3603 647 3660 neque
672 3588 794 3661 eripere
817 3587 968 3660 cuiquam
991 3586 1130 3659 potest.'’

212 3703 262 3762 Ad
285 3702 383 3761 Andr.
409 3700 462 3776 IV,
488 3702 517 3776 3,
544 3703 581 3760 5:

366 3815 473 3874 Facile
497 3815 550 3873 hio
572 3814 645 3888 plus
668 3813 748 3873 mali
772 3815 823 3872 est
846 3829 944 3887 quam
969 3813 1034 3872 illic
1057 3812 1132 3872 boni

164 3931 246 3990 haec
269 3930 419 3988 videmus
443 3929 620 4002 adscripta:

215 4043 360 4118 ,Quam
383 4043 478 4101 illic
502 4041 615 4101 boni:
641 4041 675 4100 in
698 4041 948 4101 summobono:
971 4040 1054 4098 dixit
1071 4040 1158 4098 enim
1180 4055 1221 4097 ex
1240 4037 1343 4111 bonis,

165 4172 248 4230 quae
279 4157 363 4216 bona
387 4155 611 4230 aestimamus7
636 4155 709 4228 plus
732 4170 792 4213 nos
816 4153 895 4212 mali
920 4168 1044 4227 capere,
1070 4167 1145 4210 cum
1170 4152 1227 4209 aut
1250 4150 1347 4208 amis-

165 4285 258 4329 suros
282 4285 341 4328 nos
366 4268 527 4328 credimus
551 4270 607 4327 aut
628 4267 822 4343 amittimus
845 4282 943 4340 quam
963 4267 1037 4326 boni
1058 4281 1132 4325 oum
1153 4263 1345 4324 habemus'’

210 4382 439 4457 MWs&

255 4495 321 4571 Ego
344 4495 448 4555 vitam
472 4496 606 4555 deorum
628 4497 798 4570 propterea
822 4494 1056 4571 sempiternam
1081 4507 1152 4556 esse
1176 4491 1313 4553 arbitror
