3234 5254
795 669 857 728 237

202 897 204 900 -
282 857 322 932 Il,
356 857 385 934 2,
420 859 470 917 17.
502 856 678 917 Charinum
708 857 807 918 simul
835 873 909 918 cum
931 856 1062 917 domino
1085 872 1144 916 suo
1167 860 1258 916 metu
1282 857 1412 915 solvens

237 970 346 1031 Davus
369 971 446 1031 huic
467 987 598 1032 narrare
621 972 668 1032 sic
692 972 821 1047 incipit:

370 1085 458 1145 Tuus
481 1087 573 1160 peter
594 1101 649 1145 me
671 1087 767 1145 modo
789 1085 976 1160 prehendit:
1001 1085 1048 1145 ait
1070 1085 1129 1144 tibi
1152 1099 1289 1144 uxorem
1313 1085 1389 1144 dare

371 1198 448 1258 Sese
479 1199 582 1274 hodie,
615 1199 695 1259 item
726 1199 790 1258 alia
819 1199 933 1276 multa,
966 1214 1047 1271 quae
1071 1213 1156 1257 nunc
1179 1213 1244 1258 non
1268 1199 1319 1257 est
1341 1212 1411 1256 111-

792 1384 795 1390 ,
1143 1311 1246 1383 [randi
1267 1311 1367 1371 locus.

238 1426 287 1485 Ad
317 1427 456 1486 alterum
487 1442 620 1486 versum
651 1427 850 1502 adscriptum
876 1427 1043 1487 videmus:
1071 1428 1171 1502 ,bene
1194 1424 1320 1485 distulit
1342 1438 1424 1499 nar-4

237 1539 406 1618 rationem,
439 1557 488 1617 ne,
521 1541 550 1600 si
581 1541 729 1601 audirent
759 1540 917 1601 Charinus
948 1543 981 1600 et
1003 1541 1127 1616 Byrria,
1151 1540 1301 1600 desinant
1324 1538 1414 1598 dolos

237 1655 362 1714 struere
397 1641 571 1715 adversum
604 1655 895 1730 vigilantissimum
929 1656 1074 1715 senem.”
1110 1653 1321 1714 Rectissime:
1353 1652 1413 1710 hoc

238 1768 325 1827 enim
348 1770 475 1842 spectat
496 1770 592 1843 poeta
614 1771 651 1828 ut
674 1768 804 1829 Charini
828 1771 860 1828 et
883 1768 1017 1842 Byrriae
1040 1783 1197 1843 personae
1219 1781 1284 1826 non
1307 1765 1413 1825 solum

238 1881 429 1940 adiiciantur
458 1882 594 1958 fabulae,
620 1883 676 1942 sed
701 1882 802 1942 etiam
825 1882 1074 1957 admisceantur,
1099 1883 1119 1941 1.
1134 1897 1160 1942 e.
1185 1883 1222 1940 ut
1244 1894 1358 1939 revera
1381 1880 1414 1938 et

237 1993 326 2068 ipsae
349 2009 426 2054 suas
450 1995 511 2054 sibi
533 1998 643 2070 partes
667 1996 774 2069 agant.
799 1996 869 2055 Hoc
892 1997 986 2056 docet
1009 1998 1042 2055 et
1065 1995 1211 2055 scholion
1234 1994 1275 2054 ad

282 2108 323 2184 II,
349 2108 378 2184 2,
404 2109 457 2168 35.

372 2221 470 2296 Quasi
489 2238 622 2283 necesse
641 2224 686 2282 sit
705 2224 733 2282 si
752 2223 828 2282 huic
848 2238 912 2283 non
931 2223 987 2283 dat
1002 2224 1035 2282 te
1047 2223 1138 2282 illam
1150 2238 1286 2282 uxorem
1299 2223 1414 2282 ducere

371 2335 441 2395 Nisi
463 2336 564 2411 vides,
589 2337 652 2396 nisi
676 2337 764 2397 senis
787 2336 911 2396 amicos
934 2352 1017 2413 oras,
1042 2337 1156 2398 ambis.

282 2449 343 2508 His
361 2449 470 2509 verbis
489 2449 666 2510 Charinum
685 2451 770 2510 iusto
791 2451 886 2510 citius
905 2451 1102 2524 gaudentem
1121 2451 1285 2525 vituperat
1304 2449 1414 2509 Davus

240 2561 346 2631 (huic
368 2578 448 2622 non
471 2563 542 2622 dat
564 2563 584 2623 1.
599 2579 625 2623 e.
650 2563 819 2638 Pamphilo
842 2580 907 2624 non
929 2564 985 2622 dat
1008 2562 1110 2623 filiam
1133 2562 1308 2635 Chremes).

283 2675 481 2736 Annotatur:
514 2677 586 2752 ,hic
608 2677 733 2737 laborat
756 2677 866 2736 Davus
890 2677 1163 2750 quemadmodum
1186 2677 1415 2736 Philumenam

239 2786 397 2849 Charinus
420 2789 557 2864 propriis
580 2790 742 2850 laboribus
765 2792 988 2863 promereatur
1009 2791 1180 2850 uxorem.''

283 2903 336 2979 IV,
375 2905 402 2979 1,
442 2905 492 2964 18.
530 2905 627 2978 ,Mire
663 2906 695 2964 et
726 2903 898 2964 artificiose
927 2905 1005 2964 fecit
1035 2905 1243 2978 Pamphilum
1273 2905 1413 2982 priorem

240 3017 356 3091 alloqui
388 3018 427 3077 ad
450 3017 710 3092 perfringendam
733 3018 933 3077 iracundiam
954 3016 1100 3077 Charini:
1125 3017 1253 3093 alioqui,
1278 3019 1307 3077 si
1329 3018 1415 3093 prior
1502 3085 1521 3112 θ

239 3131 408 3191 vociferari
445 3132 614 3207 potuisset,
650 3132 774 3206 tragica
805 3131 1042 3192 exclamatione
1072 3147 1152 3192 usus
1184 3133 1302 3191 esset.”
1335 3132 1414 3191 Vide

239 3245 336 3305 huius
359 3244 432 3304 libri
454 3260 484 3319 p.
510 3245 562 3306 89.

285 3472 347 3533 Sed
369 3472 508 3532 fortasse
531 3473 659 3548 ineptus
683 3489 751 3550 ego,
776 3473 831 3547 qui
854 3474 906 3534 hic
929 3474 994 3533 illic
1017 3474 1102 3548 apud
1121 3473 1308 3534 Terentium
1327 3474 1415 3534 locos

241 3585 391 3660 colligam
411 3586 451 3645 ad
471 3586 760 3646 demonstrandum
779 3589 844 3645 non
863 3586 960 3646 anxie
979 3587 1138 3662 pressisse
1157 3602 1233 3647 eum
1246 3589 1415 3647 auctorum

240 3713 374 3759 suorum
393 3699 541 3776 vestigia,
562 3715 627 3761 non
646 3701 679 3759 11
698 3701 798 3760 verba
816 3700 1048 3774 magistrorum
1068 3701 1264 3761 Graecorum
1279 3701 1413 3776 iurasse,

241 3828 315 3872 curn
338 3815 427 3873 totus
446 3815 542 3888 poeta
561 3814 665 3873 multo
685 3813 802 3872 melius
822 3813 908 3873 idem
927 3815 1040 3874 docere
1060 3815 1174 3890 possit.
1193 3814 1239 3874 Ut
1258 3830 1415 3888 magnum

241 3927 361 4003 aliquid
384 3928 495 4003 paucis
519 3928 625 3987 dicam
645 3927 769 3988 verbis:
790 3928 848 3987 vix
867 3928 952 3988 ullus
973 3932 1024 3988 est
1042 3929 1184 3988 Terentii
1203 3943 1318 3987 versus
1337 3929 1415 4001 quin

242 4043 355 4115 aptum
375 4041 457 4100 mihi
476 4041 690 4115 idoneumque
709 4041 862 4115 praebeat
881 4044 1120 4116 argumentum.
1141 4041 1307 4101 innumeri
1327 4042 1415 4100 euim

242 4157 319 4214 sunt
338 4156 422 4230 apud
441 4171 517 4214 eum
532 4156 667 4230 lepores,
681 4156 851 4215 innumera
863 4156 1019 4216 orationis
1031 4157 1230 4231 omamenta‚
1245 4156 1416 4215 innumera

243 4269 357 4341 quibus
377 4268 547 4328 hominum
566 4283 674 4327 mores
694 4267 893 4342 affectusque
912 4269 1126 4343 depingantur
1145 4266 1297 4342 artificia:
1318 4269 1415 4341 atque

243 4382 324 4441 nihil
354 4382 407 4443 hic
437 4380 523 4441 inest
553 4381 695 4457 scurrile,
728 4382 785 4440 sed
815 4382 925 4441 omnia
955 4383 1032 4441 sunt
1062 4397 1160 4455 quam
1186 4381 1414 4441 urbanissime.
1490 4425 1493 4432 .

245 4494 332 4569 Quod
367 4494 455 4554 enim
490 4496 540 4553 est
574 4510 669 4554 verae
703 4493 896 4553 urbanitatis
931 4495 1171 4583 documentum,
1207 4495 1268 4553 hoc
1302 4510 1415 4553 omnes
