3230 5260
722 649 762 706 81

291 865 330 874 -
352 835 411 894 Isti
434 838 466 895 te
491 836 697 910 ignorabant:
722 838 894 909 postquam
914 836 961 895 eis
980 850 1088 895 mores
1108 835 1233 894 ostendi
1252 837 1326 894 tuos

289 951 329 1009 Et
351 951 530 1010 collaudavi
553 952 730 1010 secundum
754 951 839 1010 facta
863 953 895 1010 et
917 951 1055 1010 virtutes
1078 953 1152 1010 tuas

290 1063 475 1137 impetravi.

201 1175 284 1234 Tum
307 1176 401 1236 miles
426 1178 521 1247 (1091
547 1182 624 1250 sq.):

512 1292 598 1350 Bene
621 1290 744 1350 fecisti:
768 1291 908 1365 gratiam
932 1291 1033 1351 habeo
1058 1291 1249 1350 maximam.

288 1404 474 1478 Numquam
505 1405 605 1464 etiam
635 1405 682 1463 lui
704 1420 843 1478 usquam
866 1405 944 1478 quin
966 1421 1020 1464 me
1044 1407 1192 1465 amarent
1215 1419 1328 1463 omnes

1086 1517 1282 1592 [plurimum.

202 1629 360 1705 Quoniam
383 1619 495 1692 autem
519 1632 645 1692 Gnatho
669 1647 755 1692 nunc
777 1632 892 1691 statim
915 1634 1024 1704 rogat:

290 1744 388 1804 Dixin
412 1761 470 1819 ego
494 1746 527 1804 in
550 1745 611 1804 hoc
634 1761 706 1804 esse
729 1743 821 1804 vobis
845 1745 989 1804 Atticam
1013 1745 1232 1818 elegantiam?

157 1856 190 1916 in
224 1857 276 1916 his
293 1863 431 1932 'quoque
461 1858 576 1918 militis
606 1859 722 1934 verbis,
756 1860 789 1917 et
819 1860 896 1917 sunt
926 1858 981 1917 illa
1007 1858 1125 1917 ultima
1147 1874 1228 1931 quae
1253 1873 1328 1916 eum
1438 1901 1440 1904 -

157 1970 318 2030 dicentem
352 1971 511 2046 audimus,
548 1971 648 2044 inepti
683 1970 803 2043 aliquid
838 1985 909 2030 esse
943 1971 1046 2031 debet.
1082 1971 1216 2044 Egregie
1250 1971 1328 2030 illud

157 2083 281 2144 detexit
301 2085 489 2161 Scholiasta,
512 2085 566 2158 qui
586 2085 752 2144 observat:
774 2086 940 2158 stuporem
960 2085 1075 2144 militis
1095 2085 1128 2143 in
1148 2085 1329 2145 coversari

158 2198 240 2270 quod
260 2199 320 2258 hoc
340 2199 566 2272 (Nunquam
580 2232 620 2240 -
633 2197 871 2273 plurimum)
893 2199 1090 2258 contrarium
1110 2201 1160 2258 est
1172 2198 1328 2273 superiori

158 2311 451 2380 (Benefecistiz
487 2311 671 2385 gratiam
701 2311 832 2370 habeo
863 2311 1111 2382 maximam).
1146 2283 1246 2388 „Quid
1278 2313 1328 2371 est

158 2424 266 2483 enim”
291 2425 337 2484 ait
363 2425 466 2500 „quod
489 2424 569 2484 bene
593 2440 658 2483 non
673 2418 692 2496 ¹)
713 2424 826 2484 fecerit
845 2424 1026 2500 quicquam,
1048 2425 1128 2484 siin
1148 2426 1202 2485 illo
1223 2427 1329 2485 estut

158 2539 329 2598 ametur?”

205 2652 275 2727 „Nil
309 2654 436 2726 praeter
468 2651 667 2727 promissum
701 2653 772 2711 est”
804 2652 920 2728 ridens,
953 2654 990 2711 ut
1021 2653 1140 2728 opinor,
1166 2652 1328 2712 Gnathoni

158 2766 328 2839 respondet
351 2765 501 2825 Chaerea.

202 2877 307 2950 Atque
341 2879 427 2937 huno
456 2878 727 2937 venustissimum
758 2879 856 2937 habet
886 2879 1011 2938 exitum
1042 2879 1150 2938 fabula
1181 2880 1328 2939 omnium

160 2991 399 3051 venustissima.

186 3246 202 3298 ¹)
216 3244 270 3288 Hoc
282 3255 341 3288 non
355 3243 486 3288 delendum
499 3253 594 3289 censeo.
