3230 5260
760 617 801 676 94

305 801 376 861 Non
399 817 532 863 causam
556 803 626 863 dico
649 804 727 878 quin
749 805 833 879 quod
856 805 994 864 meritus
1017 805 1062 865 sit
1084 805 1176 864 ferat.

305 915 366 975 Sed
389 916 491 990 siquis
514 917 597 977 forte
620 918 747 978 malitia
769 919 872 984 fretus
895 934 956 979 sua

305 1029 443 1092 Insidias
466 1034 597 1092 nostrae
618 1032 697 1092 fecit
719 1034 955 1093 adolescentiae

304 1144 353 1204 Ac
374 1145 462 1222 vicit,
487 1149 623 1207 nostran
646 1148 739 1222 culpa
762 1151 833 1208 east
857 1164 898 1208 an
921 1148 1089 1208 iudicum?

194 1256 416 1333 Lepidissima,
449 1259 564 1335 hercle,
597 1260 741 1320 defensio
772 1264 869 1334 atque
901 1257 1088 1338 ἠθικωτάτη;
1120 1264 1155 1321 at
1184 1261 1268 1320 bona
1290 1276 1367 1336 pars

193 1371 376 1431 venustatis
400 1371 434 1430 in
456 1388 520 1431 uno
544 1373 629 1432 inest
653 1389 753 1448 eoque
776 1374 866 1433 brevi
889 1374 1054 1450 vocabulo,
1078 1374 1133 1435 ubi
1156 1375 1281 1450 lateret,
1302 1375 1367 1433 nisi

193 1482 227 1541 in
261 1483 367 1542 lucem
401 1486 616 1559 protraxisset
651 1487 832 1547 Scholiasta
865 1487 1120 1562 prudentissima
1149 1488 1189 1547 ad
1220 1504 1268 1547 vs.
1301 1488 1366 1547 273

194 1596 418 1657 annotatione:
446 1599 606 1674 „Forte
628 1599 721 1673 quasi
740 1616 804 1660 non
824 1601 1023 1676 defensurus,
1044 1601 1101 1660 sed
1121 1599 1220 1660 simul
1232 1615 1367 1660 causam

194 1709 380 1783 cogniturus
415 1712 598 1786 advenerit;
633 1728 693 1774 nec
723 1714 889 1774 contendit
918 1729 1032 1773 verum
1065 1729 1145 1789 esse,
1171 1714 1254 1787 quod
1277 1713 1364 1788 dicit,

193 1839 234 1882 ne
268 1824 444 1884 sollicitum
478 1825 576 1886 iaciat
610 1827 650 1886 ad
681 1828 908 1887 credendum.’'
939 1828 1031 1887 Nunc
1054 1828 1187 1886 demum
1210 1826 1368 1900 intelligis

194 1952 292 2010 quam
323 1938 436 1999 callide
466 1956 502 2000 se
533 1940 620 2000 illius
644 1940 784 2001 astutiae
809 1942 975 2000 conscium
998 1941 1100 2000 fuisse
1123 1941 1281 1999 Phaedria
1304 1940 1366 1998 dis-

193 2049 342 2124 simulet3
379 2053 521 2125 loquitur
554 2056 724 2128 tamquam
759 2054 798 2115 de
828 2070 863 2114 re
894 2071 934 2114 ne
965 2055 1027 2128 ipsi
1050 2054 1180 2128 quidem
1205 2052 1364 2125 credibili3

193 2163 262 2236 ipse
296 2180 382 2224 nunc
415 2166 548 2225 demum
582 2167 703 2241 aliquid
737 2168 776 2227 de
811 2183 849 2227 ea
879 2168 1077 2228 inaudivisse
1100 2168 1237 2227 videtur.
1263 2167 1296 2226 Si
1319 2167 1368 2226 sic

193 2277 346 2337 dixisset:
381 2279 447 2354 „ite
476 2280 564 2340 facta
592 2297 645 2341 res
669 2282 736 2354 est;
761 2281 1001 2341 circumventus
1025 2283 1076 2341 esi
1098 2280 1184 2341 iilius
1207 2284 1284 2341 tuus
1307 2281 1365 2338 irn-

192 2390 343 2463 pudentis
377 2392 564 2466 impostoris
598 2394 798 2470 mendacio”,
834 2395 1073 2469 interpellasset
1107 2410 1183 2453 eum
1213 2395 1364 2468 patruus:

196 2505 364 2579 „mentiris
400 2507 496 2579 atque
531 2507 594 2567 isto
628 2508 797 2570 mendacio
831 2510 936 2568 temet
964 2509 1033 2583 ipse
1056 2508 1196 2568 indicas:
1221 2511 1254 2568 te
1278 2507 1366 2566 enim

193 2618 316 2678 sciente
358 2622 391 2680 et
432 2620 605 2680 adiuvante
647 2621 781 2682 insidias
820 2622 893 2682 illas
928 2625 1070 2682 structas
1105 2637 1177 2682 esse
1211 2622 1278 2681 iam
1313 2636 1364 2693 ap-

192 2733 315 2804 paret.”
361 2732 453 2792 Nunc
498 2749 574 2792 vero
619 2734 842 2794 huiuscemodi
889 2737 940 2794 est
982 2735 1052 2794 eius
1094 2735 1214 2794 oratio:
1261 2731 1365 2809 „finge

192 2846 304 2905 tamen
323 2861 439 2906 verum
459 2862 540 2922 esse,
562 2849 646 2920 quod
664 2846 750 2908 filius
769 2852 846 2908 tuus
863 2849 918 2924 ait,
932 2849 1084 2921 quamvis
1096 2848 1244 2908 videatur
1256 2847 1364 2906 absur-

193 2959 291 3018 dum'’
324 2976 351 3021 e.
372 2977 402 3035 q.
423 2977 449 3021 s.

237 3074 366 3136 Phorm.
392 3076 466 3136 605.
492 3075 573 3136 (ieta
596 3091 707 3136 secum
731 3076 959 3136 deliberatione
979 3076 1090 3136 habita
1110 3077 1149 3136 ab
1169 3073 1364 3149 Antiphonis

56 3258 57 3264 ἵ
175 3189 292 3268 patre,
317 3204 414 3262 quem
438 3189 505 3249 iarn
529 3205 570 3249 ex
593 3189 707 3250 itinere
730 3205 898 3250 reversum
922 3190 992 3264 scit,
1018 3189 1188 3264 pecuniam
1212 3189 1364 3248 abradere

193 3302 344 3374 decernit,
378 3317 441 3374 qua
471 3302 648 3361 Phaedriae
678 3317 758 3376 opus
783 3304 849 3375 est;
875 3303 1015 3375 dumque
1039 3302 1132 3361 illum
1155 3302 1262 3360 solum
1285 3315 1364 3360 mon

193 3416 381 3476 adfuturum
412 3418 589 3490 exspectat,
623 3417 933 3491 appropinquantem
964 3431 1039 3476 eum
1057 3431 1138 3475 cum
1162 3415 1263 3474 altero
1287 3429 1363 3474 sene

193 3529 365 3603 conspicit:
401 3530 577 3590 Phaedriae
607 3532 699 3604 pater
730 3532 788 3605 est,
821 3545 899 3589 nam
924 3531 956 3589 et
979 3529 1033 3589 ille
1057 3529 1205 3603 opinione
1228 3529 1363 3588 celerius

192 3659 323 3717 peregre
358 3643 462 3704 rediit.
497 3643 539 3702 Et
570 3643 675 3717 primo
689 3661 691 3667 ·
707 3643 813 3702 subito
845 3643 914 3702 eius
946 3643 1087 3702 adventu
1111 3643 1192 3704 Geta
1214 3644 1360 3715 terretur,

192 3757 249 3816 sed
283 3730 362 3816 mox
392 3757 545 3830 intelligit
578 3771 665 3815 nunc
695 3757 828 3816 demum
851 3756 1012 3830 duplicem
1036 3756 1098 3815 sibi
1122 3756 1248 3816 ostendi
1271 3769 1362 3828 spem

192 3873 224 3930 et
250 3873 401 3946 „petam”
426 3871 493 3942 (ait)

434 3985 511 4045 hinc
533 3985 617 4045 unde
641 4000 660 4044 a
682 3985 787 4058 primo
811 3983 955 4044 institui:
981 3984 1009 4044 is
1033 3984 1061 4042 si
1085 3984 1149 4057 dat,
1174 3983 1227 4042 sat
1250 3984 1315 4041 est:

347 4100 381 4159 Si
404 4099 443 4159 ab
468 4114 505 4158 eo
528 4099 574 4157 nil
596 4096 661 4174 flet,
687 4101 759 4159 tum
782 4098 868 4158 hunc
892 4097 1018 4158 adoriar
1040 4096 1212 4170 hospitem.

192 4211 272 4285 Quid
295 4211 357 4270 sibi
380 4212 432 4270 hic
455 4226 575 4270 nomen
594 4211 748 4285 hospes
767 4210 943 4269 Phaedriae
963 4209 1047 4284 patri
1067 4209 1180 4268 datum
1200 4209 1279 4278 velit
1298 4224 1362 4267 non

191 4326 323 4400 apparet
356 4325 460 4399 primo
495 4326 645 4398 aspectu;
677 4324 732 4384 sed
763 4323 867 4396 lepide
898 4322 953 4382 illo
977 4322 1093 4382 Getam
1115 4308 1214 4381 iocari
1237 4321 1361 4395 egregie

191 4438 372 4498 Scholiasta
406 4438 499 4498 docet
533 4436 733 4496 annotando:
771 4436 908 4510 „Astute
939 4435 1152 4508 hospitem
1185 4435 1223 4494 de
1247 4450 1284 4494 eo
1307 4434 1361 4508 qui
