3230 5260
839 639 881 698 80

272 827 387 888 (11001.”
404 829 561 888 Phaedria
580 831 691 889 autem
711 830 900 889 exclamans
919 829 1010 889 hem
1022 828 1185 904 significat
1196 845 1231 890 se
1244 830 1439 905 impudentia

270 943 426 1017 postulati
447 943 658 1003 vehementer
680 944 874 1017 perculsum.

314 1056 492 1118 Consilium
516 1073 590 1131 ergo
614 1057 794 1117 Gnathonis
814 1058 874 1116 hoc
894 1060 961 1117 est:
985 1057 1076 1132 „Noli
1095 1058 1250 1131 impedire
1270 1059 1437 1131 quominus

269 1171 379 1230 fatuus
413 1173 475 1232 iste
505 1172 601 1231 miles
632 1173 693 1230 sibi
723 1172 835 1232 rivalis
866 1188 938 1231 esse
967 1174 1044 1231 tuus
1075 1174 1108 1231 et
1139 1187 1158 1231 a
1188 1172 1310 1232 Thaide
1340 1173 1437 1232 amari

268 1286 425 1345 videatur.
450 1286 490 1345 Et
512 1286 616 1344 amico
641 1300 677 1345 eo
701 1288 808 1345 utere:
833 1286 1009 1345 utilissima
1032 1286 1091 1345 tibi
1114 1285 1183 1344 eius
1207 1286 1352 1345 amicitia
1370 1301 1436 1345 esse

268 1400 385 1472 potest.
416 1399 488 1458 Non
519 1400 569 1458 est
596 1399 680 1472 quod
703 1415 778 1459 eum
802 1401 947 1459 metuas:
972 1399 1083 1474 pellas,
1108 1399 1162 1457 ubi
1185 1398 1285 1457 velis:
1310 1399 1437 1458 interim

268 1513 297 1570 si
327 1515 421 1572 tuum
452 1513 642 1572 exhauseris
673 1514 843 1588 peculium,
876 1513 1082 1588 suppeditare
1111 1512 1171 1571 tibi
1202 1512 1256 1571 1110
1283 1514 1437 1584 quantum

268 1641 350 1699 opus
372 1629 422 1686 est
445 1627 579 1700 poterit;
607 1628 812 1702 „praeterea”
838 1628 884 1686 ait
907 1642 955 1686 vs.
984 1627 1067 1685 1081

294 1731 295 1734 ’
648 1742 709 1801 hoc
732 1742 832 1800 etiam
856 1742 939 1814 quod
963 1757 1021 1815 ego
1044 1740 1097 1800 101
1120 1740 1263 1814 primum
1285 1742 1372 1816 puto,

355 1854 481 1929 Accipit
504 1855 601 1914 homo
625 1870 720 1914 nemo
744 1855 862 1914 meiius
885 1870 1016 1928 prorsus
1040 1870 1142 1927 neque
1165 1854 1332 1928 prolixius,

269 1967 395 2044 „Homo
418 1971 535 2028 nemc”
560 1970 637 2028 dicit
660 1972 738 2029 nota
760 1969 932 2029 verborum
956 1969 1169 2028 abundantia:
1191 1969 1333 2042 loquitur
1353 1969 1436 2028 enim

266 2081 361 2141 dere
385 2098 467 2155 quae
491 2082 552 2141 sibi
574 2084 703 2157 penitus
727 2083 771 2142 sit
793 2098 957 2157 persuasa.

310 2195 450 2254 Probant
484 2196 554 2254 eius
589 2197 759 2255 consilium
794 2196 952 2255 Phaedria
985 2197 1157 2269 fraterque.
1194 2194 1277 2255 Turn
1313 2195 1435 2255 Gnatho

266 2309 363 2378 (1084
387 2313 463 2381 sq.):

353 2422 452 2482 Recte
474 2423 598 2498 facitis;
622 2440 725 2483 unum
745 2425 845 2484 etiam
864 2426 924 2484 hoc
945 2441 1002 2484 vos
1022 2440 1086 2500 oro,
1108 2427 1145 2484 ut
1163 2441 1218 2484 me
1237 2425 1271 2484 111
1291 2427 1435 2484 vostram

1251 2542 1393 2613 [gregem

352 2650 544 2726 Recipiatis:
569 2652 650 2711 satis
674 2652 727 2710 diu
751 2653 818 2711 iam
841 2651 902 2711 hoc
925 2667 1044 2711 saxum
1067 2668 1172 2712 vorso.

263 2764 443 2824 Scholiasta
462 2766 570 2838 rogat:
595 2765 795 2838 „militemne
815 2781 933 2824 saxum
953 2766 1074 2824 dicit?''
1094 2766 1165 2825 Non
1186 2766 1433 2839 cred0:pr0ver-

262 2878 389 2938 bialiter
412 2879 499 2938 enim
525 2879 605 2953 „hoc
628 2895 747 2938 saxum
770 2881 886 2938 vorso”
911 2880 1034 2939 dictum
1054 2881 1181 2939 videtur
1200 2895 1274 2954 pro:
1295 2880 1371 2938 huic
1391 2879 1435 2938 rei

263 3008 393 3066 operam
417 2993 466 3067 do,
491 3008 607 3067 nempe
631 2995 667 3052 ut
690 2995 795 3052 certos
819 2994 1029 3066 assiduusque
1052 2994 1190 3052 habeam
1214 2993 1362 3052 homines
1383 2993 1435 3065 qui

262 3121 316 3164 me
341 3106 440 3165 alant.

308 3221 371 3279 Suo
394 3222 490 3279 modo
513 3221 635 3294 gratias
659 3221 727 3294 agit
749 3220 876 3280 Gnatho
899 3236 948 3280 10.
978 3222 1078 3280 1086;

624 3335 668 3393 Α1
691 3350 749 3408 ego
772 3314 829 3408 pro
853 3336 925 3409 isto,
950 3334 1108 3393 Phaedria
1131 3335 1163 3392 et
1186 3335 1223 3392 tu
1248 3332 1391 3393 Chaerea

349 3447 443 3506 Hunc
467 3448 699 3507 comedendum
724 3450 756 3506 et
779 3447 971 3506 ebibendum
994 3446 1086 3505 vobis
1109 3447 1251 3521 propino.

260 3559 300 3619 Et
330 3559 472 3620 Chaerea
503 3561 628 3620 dicente
661 3561 821 3636 „Placet”
842 3560 1011 3618 'Phaedria
1041 3560 1129 3619 addit
1155 3561 1270 3620 verba:
1298 3561 1433 3636 „dignus

261 3676 342 3750 est‚'’
379 3676 418 3734 ad
453 3692 534 3749 quae
569 3676 767 3750 lepidissime
799 3675 980 3734 Scholiasta
1010 3677 1161 3733 annotat:
1197 3675 1305 3750 „Haec
1336 3677 1433 3735 verba

259 3789 376 3848 ultima
405 3789 492 3863 longi
523 3789 683 3849 sermonis
714 3789 873 3848 eiusmodi
904 3791 981 3848 sunt
1010 3791 1047 3848 ut
1077 3789 1172 3848 miles
1197 3789 1277 3848 haec
1300 3790 1432 3849 audiens

258 3903 427 3962 laudatum
451 3919 486 3962 se
510 3919 582 3963 esse
606 3905 639 3962 et
662 3904 874 3978 approbatum
898 3903 1099 3962 existimet.”

303 4016 386 4076 Tum
410 4017 537 4077 Gnatho
561 4019 600 4076 ad
623 4017 764 4077 militem
788 4032 963 4076 conversus
985 4018 1109 4086 (1088);
1134 4017 1286 4093 „Thraso
1308 4017 1362 4077 ubi
1381 4017 1431 4076 vis

258 4133 393 4192 accede”
407 4133 462 4192 ait.
472 4132 606 4207 Egregie
617 4133 789 4192 verborum
805 4131 875 4191 ubi
893 4131 958 4189 vis
974 4132 1185 4190 venustatum
1197 4130 1433 4190 demonstravit

259 4246 440 4306 Scholiasta
448 4247 645 4306 annotando:
659 4243 860 4321 „Honorifice
869 4247 1000 4304 revocat
1009 4244 1190 4318 ablegatam
1200 4260 1274 4304 cum
1283 4245 1430 4304 iniuria.”

304 4359 384 4434 Quid
404 4375 478 4419 cum
498 4359 656 4418 Phaedria
676 4358 880 4433 Chaereaque
899 4359 1026 4418 locutus
1046 4358 1090 4416 sit
1110 4358 1139 4416 ei
1159 4358 1309 4418 denarrat
1327 4359 1431 4433 lepido

257 4473 425 4533 mendacio
449 4474 611 4547 parasitus
636 4474 733 4542 (1089
758 4477 855 4546 sqq.):
