3234 5254
759 629 821 688 232

200 816 348 890 spicuum
376 815 511 874 reddant
533 813 700 888 fingendae
723 832 822 888 quam
845 818 1068 891 perpoliendae
1092 817 1121 876 ei
1144 816 1251 889 magis
1273 814 1375 874 fuisse

201 926 334 988 artificis
358 929 503 988 mentem
526 928 696 988 intentam.
721 929 801 988 Ecce
824 946 926 990 unum
950 931 1162 1003 alterumque.

245 1043 298 1101 43.
346 1041 406 1100 Sed
431 1041 492 1099 hoc
514 1040 596 1098 mihi
619 1041 812 1102 molestum:
837 1059 915 1102 nam
938 1042 1040 1103 istaec
1064 1040 1330 1102 commemoratio

346 1153 443 1228 Quasi
467 1153 705 1227 exprobratiost
727 1155 912 1215 immemori
935 1153 1079 1216 benefici.

201 1269 364 1344 Quomodo
395 1268 476 1327 haec
506 1267 590 1326 inter
620 1283 655 1326 se
687 1270 868 1345 cohaerent,
901 1286 943 1330 an
973 1270 1068 1344 plane
1091 1285 1155 1330 non
1179 1270 1376 1329 cohaerent?

201 1382 267 1457 Quo
291 1381 495 1441 referendum
518 1381 596 1440 iliud
619 1383 703 1458 hoc,
729 1399 832 1456 quove
856 1385 972 1444 nam?
991 1383 1134 1456 Denique
1153 1383 1214 1442 hoc
1234 1397 1374 1462 expro-

199 1495 340 1556 bratio
370 1495 607 1554 immemori
637 1495 832 1572 benefici,
866 1497 920 1557 ubi
944 1497 1073 1556 dativus
1097 1495 1332 1556 immemori
1355 1511 1376 1553 a

200 1608 405 1669 substantivo
440 1609 716 1683 exprobratio
746 1611 873 1685 pendet,
906 1611 1032 1684 egregie
1064 1610 1193 1683 quidem
1225 1609 1375 1668 convenit

200 1723 385 1796 quotidiano
409 1723 579 1783 hominum
602 1724 745 1783 sermoni
768 1724 801 1782 in
824 1722 893 1783 1010
916 1723 1119 1782 versantium
1138 1723 1191 1781 vel
1210 1723 1295 1781 inter
1314 1722 1373 1796 pri-

200 1839 295 1896 vatos
314 1838 454 1911 parietes
473 1836 572 1896 libere
593 1836 878 1912 confabulantium,
900 1837 957 1897 sed
975 1852 994 1895 a
1014 1838 1111 1910 poeta
1130 1836 1274 1910 diligenti
1290 1836 1374 1895 etde

201 1949 356 2010 orationis
375 1949 516 2024 puritate
536 1950 629 2010 unice
649 1950 787 2009 sollicito
806 1950 863 2009 vix
884 1952 969 2010 01110
988 1950 1047 2008 vix
1062 1950 1192 2023 quidem
1204 1949 1373 2009 ferrentur.

244 2078 293 2122 vs.
318 2065 370 2123 56.

289 2175 335 2234 Ut
359 2176 505 2235 animum
529 2177 570 2235 ad
593 2176 721 2266 aliquod
744 2175 889 2235 studium
914 2176 1099 2252 adiungunt,
1125 2178 1182 2236 aut
1201 2191 1300 2249 equos
1398 2178 1401 2188 '

289 2289 384 2348 Alere
408 2291 465 2348 aut
488 2304 584 2349 canes
608 2291 648 2349 ad
670 2291 866 2365 venandum,
892 2292 949 2349 aut
972 2290 1011 2349 ad
1033 2289 1251 2365 philosophos.

202 2403 266 2461 Vix
300 2418 335 2462 se
369 2403 422 2462 hic
454 2405 617 2464 contineat
648 2404 787 2463 Orbilius
818 2403 934 2478 aliquis
965 2405 1042 2478 quin
1065 2403 1140 2463 stilo
1163 2418 1222 2462 suo
1246 2418 1375 2477 semper

199 2517 312 2590 parato
336 2517 524 2593 immensos,
548 2520 587 2577 ut
608 2519 670 2592 ipsi
689 2519 848 2594 videntur,
870 2520 1043 2602 turpesque
1063 2519 1177 2591 poetae
1197 2531 1320 2576 errores
1341 2517 1374 2576 in

199 2631 346 2705 margine
380 2633 480 2691 notet.
515 2633 582 2691 Nos
616 2648 693 2692 vero
723 2634 854 2707 poetam
884 2633 937 2693 hic
967 2630 1237 2708 deprehendimus
1267 2630 1373 2690 soluto

199 2744 308 2803 animo
351 2744 384 2802 in
426 2747 618 2818 argumento
661 2761 719 2805 0110
761 2745 937 2821 ludentem,
974 2748 1017 2827 01,
1052 2745 1226 2805 dummodo
1260 2745 1374 2818 pectus

199 2857 340 2917 habeant
362 2874 518 2932 personae
542 2875 630 2936 suae,
656 2859 738 2919 satis
762 2875 817 2919 000
841 2859 979 2920 disertos
1002 2861 1183 2934 putantem.

242 2987 291 3032 10.
313 2973 354 3031 64
375 2987 422 3045 sq.
442 2972 671 3033 Duriusculum
691 2975 752 3033 hoc
771 2989 896 3047 quoque
917 2974 1000 3047 quod
1014 2974 1103 3033 Simo
1115 2973 1154 3033 de
1166 2971 1232 3032 fflio
1244 2972 1371 3032 narrat:

398 3086 517 3146 Eorum
541 3086 674 3159 obsequi
697 3088 824 3163 studiis,
850 3088 1007 3147 advorsus
1030 3086 1163 3162 nemini,

397 3200 571 3272 Nunquam
593 3215 794 3275 praeponens
818 3216 853 3259 se
877 3199 951 3260 illis

196 3314 356 3372 Isocrates
391 3313 507 3387 aliquis
541 3314 626 3373 inter
658 3316 772 3388 poetas
807 3314 934 3388 quidvis
968 3312 1091 3389 perpeti
1126 3314 1239 3373 mallet
1273 3330 1372 3388 quam

197 3426 357 3485 eiusmodi
391 3441 506 3485 versus
541 3426 737 3486 incorrectos
771 3427 924 3501 legendos
959 3427 1135 3486 exhiberet.
1161 3427 1222 3486 Sed
1246 3429 1372 3502 egregie

196 3553 309 3598 senem
340 3539 387 3597 010
417 3539 503 3611 loqui
531 3539 623 3598 decet
647 3539 813 3598 indoctum
836 3538 1111 3612 msticanumque.
1136 3539 1176 3598 Et
1199 3540 1279 3599 haec
1301 3540 1373 3614 ipsa

196 3668 294 3713 causa
328 3653 452 3712 accedit
486 3667 541 3712 cur
576 3653 629 3712 hic
663 3654 838 3727 quidquam
873 3654 972 3713 deleri
1006 3654 1118 3714 nolim.
1150 3657 1263 3730 Ipsum
1293 3653 1372 3713 illud

194 3765 297 3841 illis,
323 3766 407 3838 quod
427 3764 582 3825 vocabulo
603 3766 762 3826 nemini
782 3768 863 3827 satis
883 3768 961 3828 dure
981 3766 1145 3828 divellitur
1157 3769 1196 3828 ab
1217 3783 1368 3844 eorum,

194 3893 256 3952 quo
277 3878 481 3938 referendum
502 3882 562 3957 est,
583 3896 647 3940 non
667 3882 773 3941 00111111
793 3882 898 3956 qualis
918 3882 1016 3942 homo
1035 3881 1170 3955 loquens
1190 3883 1369 3957 inducatur,

197 3992 253 4051 sed
288 3993 389 4052 etiam
423 3995 584 4067 quomodo
618 3997 707 4055 101110
742 3996 795 4056 hic
829 3997 921 4055 actus
956 3998 1053 4056 natus
1087 3996 1131 4055 sit
1164 3996 1371 4070 perspicuum

194 4106 286 4165 nobis
311 4108 424 4167 reddit.

237 4236 286 4281 vs.
312 4223 353 4281 94
378 4238 424 4298 sq.

369 4336 453 4395 Nam
473 4337 528 4410 qui
548 4353 623 4397 cum
643 4338 780 4412 ingeniis
801 4339 1003 4400 conflictatur
1023 4341 1182 4401 eiusmodi

374 4449 485 4522 Neque
506 4453 730 4511 commovetur
749 4452 879 4512 animus
898 4453 932 4512 111
952 4467 989 4512 ea
1009 4468 1043 4513 re
1063 4455 1183 4515 tamen.
