3234 5254
840 623 902 681 180

370 812 504 888 Accedo,
530 811 633 886 rogito
657 810 827 886 Pamphila
850 810 925 884 quid
949 812 1041 885 agat:
1068 811 1123 870 illa
1147 810 1328 870 exclamat:
1353 810 1402 870 abi

1075 924 1138 996 [ahi
1161 925 1236 1000 iam,
1262 924 1429 984 Aeschine.

284 1041 332 1100 Ad
356 1040 433 1098 illa
456 1039 670 1098 exclamat
694 1040 884 1097 annotatur:
912 1054 995 1113 ,non
1015 1040 1187 1112 respondet
1207 1039 1263 1098 sed
1283 1038 1450 1098 exclamat.

284 1153 323 1211 Et
353 1153 434 1212 bene
464 1153 532 1212 vim
564 1151 685 1211 addidit
715 1151 755 1210 ad
787 1151 1061 1211 exclamationem
1084 1152 1194 1211 fuisse.
1220 1151 1302 1225 Ergo
1326 1166 1346 1210 a
1368 1151 1452 1210 vocis

284 1281 372 1341 sono,
402 1282 465 1326 non
489 1282 509 1325 a
531 1266 671 1326 verbis.''
696 1265 748 1324 Sic
772 1265 921 1338 equidem
944 1266 1027 1325 hanc
1051 1265 1296 1325 annotationem
1319 1264 1451 1339 accipio:

288 1380 577 1455 ,exclamandi
597 1380 732 1440 verbum
753 1379 916 1439 interdum
936 1380 1163 1440 tantummodo
1183 1379 1337 1438 orationis
1357 1392 1453 1452 genus

284 1492 454 1570 significat,
476 1511 537 1569 quo
558 1495 629 1568 quis
649 1495 767 1567 utitur;
789 1494 841 1553 hic
860 1496 972 1553 tamen
992 1492 1183 1568 AeschinuS,
1205 1493 1282 1552 dum
1296 1491 1453 1551 illoverbo

285 1609 396 1683 utitur,
431 1608 491 1667 hoc
525 1608 614 1667 addit
648 1607 841 1668 narrationi:
883 1607 1028 1668 aniculae
1053 1608 1154 1668 etiam
1177 1605 1374 1681 superfuisse
1398 1605 1453 1664 cla·

285 1721 396 1780 mandi
415 1722 515 1781 vim.'’
536 1722 646 1796 Ipsum
666 1721 829 1782 Donatum
846 1722 941 1795 paulo
955 1721 1135 1796 elegantius
1147 1722 1292 1782 locutum
1304 1720 1453 1793 suspicor.

331 1835 371 1893 21
396 1850 443 1908 sq.
469 1835 521 1893 Sic
544 1836 649 1892 semet
669 1835 775 1908 ipsum
796 1834 970 1908 alloquitur
990 1835 1241 1908 adhortaturque
1261 1833 1454 1893 Aeschinus:

375 1946 546 2007 Cessatum
570 1963 671 2022 usque
695 1948 799 2007 adhuc
823 1949 889 2007 est:
916 1963 1001 2007 nunc
1025 1964 1127 2023 porro,
1152 1947 1323 2024 Aeschine,
1349 1963 1400 2006 ex-

1230 2061 1434 2136 [pergiscerel

375 2175 467 2234 Nunc
491 2175 550 2234 hoc
573 2175 715 2248 primum
740 2176 806 2232 est:
833 2175 873 2233 ad
897 2174 970 2233 illas
994 2174 1045 2234 ibo
1069 2177 1106 2234 ut
1128 2191 1263 2249 purgem
1286 2191 1357 2235 me:

1071 2289 1235 2359 [accedam
1259 2289 1299 2348 ad
1322 2289 1416 2347 fores.

288 2401 487 2460 Annotatur:
531 2401 645 2460 Nunc
687 2402 761 2460 hoo
800 2401 998 2475 primum]
1037 2401 1199 2476 ,primum
1234 2401 1273 2460 ab
1308 2417 1345 2460 eo
1380 2400 1459 2474 quod

292 2516 452 2589 rogandus
488 2516 538 2574 est
571 2516 694 2588 pater.''
730 2515 790 2574 Pro
823 2517 888 2574 est
918 2515 1090 2588 legendum
1115 2515 1226 2589 opinor
1250 2517 1351 2574 erat.
1377 2515 1460 2573 Haec

291 2629 378 2688 enim
413 2629 585 2702 requiritur
619 2628 798 2688 sententia:
838 2628 999 2702 ,primum
1035 2630 1109 2702 post
1143 2627 1231 2704 illud,
1268 2629 1352 2702 quod
1388 2629 1460 2688 olim

291 2742 474 2802 faciendum
498 2744 576 2817 erat,
601 2744 638 2801 ut
661 2757 680 2800 a
703 2743 794 2815 patre
817 2742 942 2815 peteret
965 2742 1002 2799 ut
1021 2756 1157 2800 uxorem
1178 2740 1238 2800 sibi
1258 2741 1461 2814 Pamphilam

291 2857 407 2916 ducere
430 2857 572 2915 liceret.'’

339 3080 391 3154 IV,
414 3083 442 3154 5,
465 3081 494 3138 9.
516 3079 640 3138 Gaudet
660 3079 752 3138 Micio
772 3077 875 3138 fllium
897 3078 1085 3152 adoptivum
1107 3095 1170 3139 non
1188 3080 1266 3138 adeo
1280 3093 1351 3138 csse
1365 3079 1462 3152 impu-

294 3194 424 3252 dentem
456 3194 532 3265 quin
564 3193 750 3252 erubescere
774 3192 877 3267 possit
901 3195 933 3252 et
957 3193 1142 3269 erubuit,
1168 3193 1379 3253 salvares
1403 3194 1463 3252 est

294 3307 349 3366 ait.
374 3306 573 3365 Annotatur:
602 3307 720 3381 ,nimis
743 3309 878 3380 paterna
901 3306 1072 3366 sententia.
1098 3307 1137 3366 Et
1161 3322 1177 3365 e
1198 3307 1357 3366 contrario
1378 3307 1463 3365 Simo

295 3419 328 3478 in
369 3419 506 3478 Andria:
543 3419 653 3491 vide,
690 3434 782 3479 num
818 3421 908 3478 eius
944 3420 1058 3479 color
1092 3420 1265 3493 pudoris
1300 3421 1464 3494 signum

294 3547 469 3604 usquam
519 3531 692 3592 indicat.
735 3532 775 3591 Et
817 3533 929 3606 quanti
971 3532 1106 3593 affectus
1148 3535 1199 3592 est
1240 3549 1304 3592 non
1345 3533 1464 3593 dixisse

296 3646 482 3719 erubuit,
523 3645 671 3704 salvus
706 3648 771 3704 est
805 3647 861 3704 sed
897 3646 1018 3705 salva
1052 3662 1119 3706 res
1154 3649 1227 3706 est.
1264 3647 1376 3706 Nonne
1410 3645 1464 3706 tibi

295 3759 423 3818 videtur
453 3773 504 3816 res
535 3759 604 3818 eius
628 3759 734 3817 omnis
758 3759 791 3817 in
814 3758 974 3818 Aeschino
999 3761 1199 3819 constituta?
1222 3761 1336 3820 eodem
1359 3761 1464 3820 animo

297 3875 329 3931 et
353 3871 564 3947 supradixit,
590 3872 696 3931 ineo
720 3888 781 3931 me
805 3872 991 3932 oblecto:
1016 3873 1152 3932 solum
1176 3874 1215 3932 id
1239 3876 1304 3933 est
1328 3888 1464 3933 carum

297 3985 409 4045 mihi.
453 3985 523 4044 Non
565 3985 652 4044 enim
687 3985 822 4044 solum
857 3985 967 4045 intulit
1001 3986 1084 4059 quod
1119 3987 1376 4062 exspectabatur,
1412 3985 1465 4046 sed

298 4099 452 4174 absolute,
478 4097 571 4172 quasi
594 4113 635 4156 ex
659 4098 808 4157 omnibus
831 4099 966 4157 solum
987 4099 1018 4157 id
1039 4101 1089 4157 est
1108 4099 1244 4172 inquit.’'
1264 4101 1464 4174 tegendum:

302 4228 385 4287 ,non
416 4213 503 4271 enirn
534 4212 652 4271 solus
683 4212 794 4271 intulit
819 4227 845 4271 e.
868 4227 896 4284 q.
918 4213 966 4270 s’'
991 4212 1061 4270 Hoc
1084 4213 1171 4271 enim
1195 4214 1256 4272 sibi
1279 4213 1351 4273 vult
1374 4228 1464 4273 anno-

297 4325 395 4384 tatio:
434 4325 556 4400 ,multo
591 4325 724 4384 maioris
759 4327 809 4384 est
843 4325 988 4384 caritatis
1023 4325 1158 4384 solum
1193 4327 1231 4385 id
1266 4327 1304 4385 de
1339 4327 1465 4386 homine

299 4440 402 4500 dicere
427 4455 524 4512 quam
548 4439 695 4499 solus.”
