3254 5274
875 636 915 694 22

509 823 560 882 Nil
584 824 681 883 habet
704 824 817 884 infelix
839 826 1012 898 paupertas
1036 825 1146 883 durius
1169 826 1203 883 in
1226 839 1261 883 se
1371 859 1374 864 ι

510 940 613 1014 Quam
638 939 720 1013 quod
743 939 894 998 ridiculos
917 940 1066 998 homines
1088 939 1174 998 facit.

302 1055 366 1113 Res
398 1054 614 1113 clarissimam
646 1054 760 1127 accipit
791 1053 898 1112 lucem
929 1054 968 1113 ab
999 1053 1040 1112 116
1071 1068 1152 1126 quae
1182 1069 1261 1112 mox
1284 1055 1470 1126 sequuntur.

301 1168 392 1226 Nova
422 1166 486 1242 1116,
520 1183 619 1240 quam
649 1166 776 1226 Gnatho
808 1166 948 1240 collegae
979 1181 1037 1226 suo
1060 1167 1210 1225 famelico
1234 1166 1394 1242 describit,
1420 1182 1472 1225 ars

302 1281 525 1340 huiuscemodi
556 1282 622 1339 est:
658 1280 826 1355 „homines
856 1295 974 1353 quaero
1006 1294 1086 1353 quos
1117 1280 1217 1339 stulta
1241 1280 1399 1353 quaedam
1423 1281 1472 1338 sui

303 1395 420 1468 abripit
443 1394 631 1466 admiratio;
657 1409 737 1466 quos
760 1393 814 1453 ubi
838 1395 953 1452 nactus
976 1409 1050 1453 611111

724 1508 812 1567 hisce
836 1523 894 1582 ego
918 1523 982 1567 non
1005 1523 1081 1582 paro
1105 1524 1158 1567 me
1181 1509 1218 1566 ut
1241 1508 1367 1567 rideant

378 1622 438 1681 Sed
462 1622 509 1681 616
532 1622 617 1681 111116
642 1621 765 1680 arrideo
789 1623 957 1680 eteorum
981 1621 1110 1694 ingenia
1133 1621 1274 1680 admiror
1297 1593 1405 1680 simul.

303 1735 461 1810 Quoniam
481 1738 591 1795 autem
611 1735 805 1795 vocabulum
824 1736 940 1794 ultro
958 1738 1030 1794 tum
1050 1736 1176 1794 additur
1189 1751 1263 1794 cum
1276 1735 1473 1794 contrarium

302 1849 339 1909 fit
370 1851 439 1909 eius
470 1851 552 1923 quod
584 1849 666 1909 solet
698 1849 842 1923 quodque
874 1851 1090 1924 exspectatur,
1116 1849 1199 1908 hanc
1222 1849 1380 1908 habemus
1403 1865 1472 1908 sen-

299 1964 457 2022 entiam:
490 1964 567 2023 olim
598 1964 750 2038 parasitis
780 1965 841 2023 hoc
872 1966 941 2023 erat
971 1963 1172 2038 propositum
1195 1966 1232 2023 ut
1254 1964 1383 2036 regibus
1406 1964 1472 2022 fau-

302 2078 487 2151 toribusque
511 2077 579 2137 suis
603 2079 706 2136 risum
729 2080 898 2138 moverent
921 2078 975 2137 vel
995 2078 1100 2138 iocose
1120 2077 1277 2151 loquendo
1297 2079 1349 2138 vel
1369 2081 1475 2138 semet

302 2192 389 2265 ipsos
420 2191 555 2251 ludibrio
583 2207 654 2250 esse
681 2192 841 2266 patiendo.
865 2192 936 2251 lam
959 2192 1038 2251 illud
1062 2195 1196 2252 semet
1226 2193 1343 2267 ipsos
1374 2192 1472 2251 ludi-

302 2304 392 2363 brio
414 2320 506 2364 6666
526 2305 615 2379 pati
635 2308 745 2365 nostro
765 2306 834 2364 loco
853 2306 961 2365 verbis
980 2307 1128 2380 plagas
1148 2307 1234 2379 pati
1256 2305 1472 2379 significatur;

302 2419 406 2476 restat
435 2420 473 2476 ut
494 2417 706 2477 ridiculus
730 2434 823 2478 6666
847 2434 926 2478 non
948 2434 1119 2492 possum
1143 2420 1202 2478 sit:
1228 2419 1322 2478 dicax
1345 2434 1417 2478 esse
1441 2421 1474 2478 et

302 2531 427 2590 facetus
450 2548 514 2591 non
537 2547 679 2607 possum,
705 2534 801 2606 atque
824 2532 1037 2592 ridiculus
1060 2532 1147 2591 idem
1170 2532 1253 2605 quod
1272 2530 1474 2610 γελωτοποιός.

305 2645 370 2720 ,Α1
400 2647 504 2704 1111116”
537 2646 584 2704 616
611 2646 737 2705 Gnatho
760 2646 864 2720 pergit
890 2660 968 2722 „ego
991 2645 1170 2704 fautoribus
1194 2646 1277 2706 meis
1298 2646 1422 2706 arrideo
1442 2649 1475 2706 et
1502 2617 1503 2622 ἵ

293 2761 390 2828 lnam
413 2761 558 2833 sequitur
582 2776 643 2833 quo
666 2776 718 2819 166
742 2759 842 2818 6116111
864 2757 922 2818 fiat
945 2759 1060 2818 clarior
1082 2759 1111 2817 si
1133 2759 1246 2833 possit)

613 2890 725 2934 eorum
748 2873 877 2947 ingenia
900 2873 1040 2934 admiror
1063 2875 1172 2934 simul.

347 2990 519 3063 Nunquam
549 2991 619 3048 tam
649 2988 763 3062 frigide
793 2988 892 3046 iocari
922 2987 969 3046 illi
999 2990 1135 3062 possunt
1167 2989 1243 3061 quin
1274 2992 1386 3050 tamen
1417 3006 1474 3064 ego

300 3103 424 3162 rideam
447 3103 693 3177 plaudamque.’'

369 3216 525 3291 Quidquid
546 3217 664 3291 dicunt,
678 3217 790 3276 laudo:
805 3215 836 3274 id
849 3231 978 3275 rursum
991 3216 1020 3275 si
1035 3219 1164 3292 negant,
1179 3218 1274 3277 laudo
1287 3217 1318 3277 id
1331 3234 1473 3291 quoque:

368 3330 471 3403 Negat
495 3329 566 3403 quis
590 3345 681 3405 nego,
707 3328 753 3388 ait
777 3329 836 3389 aio.

300 3445 463 3517 Multoque
487 3443 765 3517 quaestuosiorem
790 3459 861 3503 esse
881 3460 1002 3504 novam
1022 3446 1127 3504 artem
1146 3445 1356 3519 parasiticam
1377 3462 1475 3520 quam

299 3561 445 3618 veterem
479 3573 558 3617 mox
593 3557 740 3632 apparuit
780 3573 854 3616 cum
889 3559 922 3617 in
952 3559 1129 3617 macellum
1159 3559 1380 3618 veniebamus.
1412 3560 1475 3619 Ubi

301 3688 374 3730 cum
406 3671 556 3731 omnibus
588 3671 822 3746 cuppedinariis
852 3688 906 3731 me
938 3671 971 3731 in
1002 3687 1131 3731 summo
1156 3689 1227 3732 6666
1250 3673 1332 3732 vidit
1355 3674 1475 3734 honore

299 3789 358 3856 (vs.
385 3787 446 3846 261
472 3789 569 3859 sqq.):

750 3901 847 3960 homo
872 3901 977 3975 coepit
996 3917 1050 3960 me
1075 3901 1250 3976 obsecrare,

431 4015 476 4074 Ut
499 4015 561 4074 sibi
584 4015 697 4075 liceret
720 4016 843 4075 discere
867 4015 899 4074 id
923 4016 961 4074 de
985 4030 1055 4074 me:
1081 4016 1199 4074 sectari
1222 4015 1312 4091 iussi,

432 4129 465 4188 Si
487 4130 572 4204 potis
597 4131 655 4205 est,
681 4132 851 4204 tamquam
874 4129 1139 4203 philosophorum
1162 4129 1282 4188 habent

1100 4241 1298 4317 [disciplinae
1323 4259 1364 4303 ex
1392 4243 1472 4319 ipsis

433 4358 604 4435 Vocabula,
630 4357 765 4433 parasiti
789 4358 894 4417 itaut
918 4356 1110 4434 Gnathonici
1133 4359 1297 4417 vocentur.

306 4473 388 4532 illud
419 4473 454 4531 61
485 4473 599 4546 potis
630 4474 695 4532 est
722 4471 856 4532 Daoeria
882 4470 997 4530 vertit:
1025 4486 1123 4546 „pour
1146 4471 1217 4530 voir
1239 4469 1291 4530 s’il
1313 4487 1354 4530 ne
1377 4471 1477 4531 serait
