3230 5260
726 645 789 703 125

160 832 259 893 etiam
285 834 336 892 est
359 833 520 893 codicibus
539 832 761 892 addicentibus
780 833 817 890 ut
837 832 917 891 11111
936 831 1120 890 coniectura
1139 830 1334 905 recipiatur?

202 947 303 1006 Hisce
327 946 425 1022 igitur
447 947 607 1021 exemplis
630 962 709 1006 usus
733 947 765 1006 11
789 946 858 1020 ipse
879 944 998 1018 aliquid
1019 959 1118 1004 ausus
1138 959 1222 1020 sum,
1244 945 1332 1004 scho-

158 1060 276 1134 liisque
310 1061 521 1122 emendandis
555 1077 687 1135 operam
721 1060 802 1119 dedi.
838 1060 945 1133 Atque
977 1058 1147 1118 conamina
1177 1074 1252 1118 mea
1283 1059 1336 1117 hic

158 1190 345 1251 proponam,
381 1175 437 1235 sed
472 1176 538 1236 iam
570 1191 654 1235 nunc
685 1175 839 1234 lectorem
863 1189 979 1233 moneo
1003 1173 1084 1232 nihii
1108 1189 1126 1232 a
1149 1187 1203 1232 me
1226 1188 1334 1246 propo-

158 1289 261 1348 situm
296 1289 335 1348 iri
366 1289 449 1362 quod
480 1289 560 1348 mihi
592 1288 653 1363 ipsi
676 1287 979 1362 praestantissimis,
1004 1301 1084 1359 quas
1107 1287 1202 1346 modo
1227 1285 1334 1360 citavi,

159 1401 377 1461 Westerhovii
408 1401 687 1461 emendationibus
718 1418 776 1475 par
803 1403 900 1474 atque
923 1400 1030 1460 simile
1054 1400 1218 1460 videatur:
1244 1401 1337 1459 abest

159 1532 350 1592 semperque
381 1516 474 1592 absit,
507 1531 627 1591 precor,
653 1531 672 1574 a
695 1531 748 1612 me
772 1515 931 1575 eiusmodi
955 1514 1148 1588 arrogantia.
1173 1514 1260 1573 Nihil
1284 1513 1336 1572 hio

160 1630 238 1690 certi
266 1629 421 1706 11111111,
447 1630 528 1688 nihil
552 1630 635 1702 quod
658 1645 723 1688 non
746 1629 850 1689 cuivis
873 1630 907 1687 in
926 1630 1072 1688 mentem
1091 1628 1202 1687 venire
1222 1626 1334 1701 possit.

160 1743 261 1818 Saepe
294 1760 335 1803 ne
369 1743 588 1804 coniecturam
623 1743 752 1816 quidem
784 1758 970 1817 proponam,
1003 1742 1060 1801 sed
1091 1743 1148 1802 aut
1171 1741 1246 1814 quid
1268 1741 1335 1799 fere

159 1858 340 1931 requiratur
374 1859 596 1918 demonstrare
631 1857 769 1918 conabor
803 1859 861 1917 aut
890 1857 1117 1916 tantummodo
1149 1858 1336 1929 corruptum

160 1986 230 2031 esse
254 1972 399 2032 scholion
422 1971 538 2031 dicam.
559 1972 668 2044 Neque
688 1972 800 2030 tamen
819 1971 914 2044 plane
934 1986 1066 2045 operam
1086 1985 1139 2028 me
1158 1969 1335 2043 perdidisse

160 2086 280 2160 opinor.
305 2087 389 2146 Nam
412 2085 544 2145 etiamsi
565 2101 644 2144 vera
667 2086 803 2144 alicuius
826 2085 889 2145 loci
911 2085 1007 2144 lectio
1032 2101 1074 2144 11
1097 2083 1204 2156 aliquo
1228 2083 1336 2142 codice

160 2202 291 2261 eruatur
324 2200 377 2260 vel
406 2199 622 2274 peringeniosi
652 2199 796 2259 hominis
827 2199 976 2258 acumine
1000 2197 1199 2271 restituatur,
1224 2199 1336 2256 tamen

160 2313 286 2373 nullum
321 2315 372 2372 est
405 2312 530 2372 inventi
556 2312 697 2387 pretium
721 2311 784 2370 nisi
808 2312 987 2386 praecessit
1008 2312 1105 2384 longa
1129 2312 1161 2370 et
1185 2313 1337 2370 accurata

160 2427 304 2486 virorum
338 2426 507 2486 doctorum
541 2426 580 2485 de
614 2440 730 2500 genere
762 2425 834 2484 vitii
858 2426 959 2498 doque
983 2424 1146 2484 sententia
1170 2439 1233 2497 qua
1256 2439 1335 2498 opus

161 2542 210 2599 est
244 2540 419 2614 disputatio
454 2539 713 2613 deliberatioque.
750 2538 870 2597 Deinde
906 2554 1035 2612 semper
1069 2539 1128 2598 hoc
1159 2539 1335 2597 tenendum

160 2652 283 2712 nullam
317 2653 489 2713 lectionem
525 2654 641 2713 idcirco
673 2668 786 2712 veram
818 2668 889 2712 esse
921 2652 1004 2725 quod
1029 2652 1062 2710 in
1086 2652 1192 2725 aliquo
1217 2651 1333 2726 codice,

161 2768 251 2826 cuius
281 2783 401 2842 magna
432 2769 483 2826 est
513 2766 698 2842 auctoritas,
731 2767 924 2840 inveniatur,
947 2749 1014 2825 ¹sed
1045 2765 1105 2824 hoc
1127 2766 1221 2825 unice
1241 2780 1334 2839 quae-

160 2881 294 2940 rendum
329 2896 410 2954 quae
444 2881 539 2940 lectio
574 2896 692 2940 sanum
726 2880 879 2955 praebeat
913 2894 1046 2939 sensum
1077 2894 1198 2953 suoque
1222 2882 1335 2953 aptum

160 2992 237 3052 loco.
262 2993 350 3054 Dabo
375 2995 572 3069 exemplum.
597 2995 647 3055 Ad
670 2995 747 3054 Η111.
772 2994 825 3068 IV,
854 2995 880 3068 1,
907 2995 966 3053 57:

247 3107 331 3166 Nam
356 3124 456 3181 quum
480 3123 666 3182 compressa
689 3109 740 3166 est
762 3109 870 3182 gnata,
895 3107 1001 3166 forma
1024 3107 1057 3166 in
1080 3106 1222 3166 tenebris
1245 3107 1335 3166 nosci

1027 3225 1102 3291 [non
1126 3221 1217 3294 quita
1240 3225 1290 3281 est

161 3349 288 3409 semper
320 3335 405 3394 11111
438 3336 500 3395 fuit
533 3336 614 3395 haec
648 3336 814 3394 annotatio
849 3350 948 3394 sensu
983 3350 1093 3394 cassa:
1129 3336 1197 3409 ,Ab
1228 3336 1334 3396 activo

160 3464 278 3523 queo,
310 3449 478 3523 passivum
509 3449 586 3508 fecit
616 3464 759 3522 queor,
792 3448 959 3506 retinendo
986 3448 1192 3522 participium
1215 3451 1335 3522 quita

161 3563 255 3622 est.”
309 3562 397 3621 Vidit
446 3562 628 3636 nescioquis
673 3578 730 3635 pro
775 3561 1001 3621 retinendo
1047 3562 1220 3635 legendum
1263 3579 1334 3622 esse

161 3677 199 3734 et
233 3675 345 3750 inde,
382 3678 478 3749 atque
513 3691 554 3734 11
589 3675 698 3748 inepta
728 3675 840 3734 literae
871 3675 1102 3748 rrepetitione
1125 3677 1239 3735 natam
1263 3692 1334 3735 esse

160 3789 314 3849 vitiosam
343 3789 524 3864 lectionem,
558 3804 655 3862 quarn
680 3804 738 3847 suo
762 3789 863 3847 Marte
886 3787 1037 3846 librarius
1060 3804 1175 3847 sanare
1199 3791 1334 3848 conatus

161 3905 255 3962 esset.
280 3902 520 3976 Recipiendum,
546 3903 582 3961 ut
606 3902 725 3976 opinor,
747 3901 885 3960 illudet
909 3901 1020 3976 inde,
1042 3917 1106 3960 non
1126 3902 1209 3975 quod
1221 3903 1334 3975 postea

161 4031 179 4074 a
214 4017 406 4076 Sabbadinio
441 4016 474 4074 in
509 4016 615 4088 aliquo
651 4015 758 4074 codice
792 4015 914 4074 lectum
949 4015 1001 4089 sit,
1039 4016 1095 4074 sed
1126 4015 1208 4088 quod
1240 4016 1333 4074 unice

160 4146 273 4189 verum
298 4133 357 4190 est.
382 4129 519 4202 Aliquod
543 4128 627 4187 felici
648 4129 779 4187 invento
799 4131 1003 4187 momentum
1024 4127 1160 4187 adiicere
1181 4128 1334 4187 dicendus

161 4246 246 4302 esset
277 4244 378 4301 codex
402 4242 577 4316 Leidensis,
603 4242 657 4314 qui
680 4243 720 4300 et
743 4241 895 4300 timida
919 4243 983 4299 est
1007 4240 1125 4313 quita
1149 4242 1214 4300 est
1236 4241 1333 4299 habet

161 4357 238 4416 vitio
270 4372 312 4415 ex
342 4356 455 4414 literae
485 4359 496 4413 t
526 4355 716 4427 repetitione
746 4356 832 4428 nato,
865 4355 893 4412 si
917 4354 948 4411 id
972 4353 1054 4426 quod
1078 4354 1111 4411 11
1135 4368 1193 4412 suo
1216 4370 1333 4426 genere

162 4471 339 4543 perfectum
371 4471 422 4528 est
452 4468 517 4527 ullo
548 4467 643 4526 modo
674 4467 792 4526 melius
822 4465 891 4526 fieri
922 4468 1041 4540 posset.
1066 4467 1155 4525 Haec
1178 4467 1248 4526 ideo
1271 4468 1332 4526 dis·
