3234 5254
723 693 784 752 185

166 881 225 940 Pro
256 885 444 943 vertitur
474 886 531 943 aut
558 883 781 943 dubitatur
804 883 861 942 aut
883 881 1055 940 verbum
1078 880 1132 938 fit
1154 879 1336 953 legendum.

210 995 261 1053 24.
305 995 406 1070 Quid
448 1014 556 1058 nunc
594 997 698 1070 quod
734 997 907 1065 restat?l
950 994 1075 1069 „quod
1109 993 1248 1052 restat
1281 1009 1337 1067 pro

166 1109 268 1181 quod
292 1112 496 1187 sequitur,
543 1115 713 1184 tamquam
736 1109 945 1182 reliquiarum
968 1109 1120 1182 priorum,
1146 1123 1183 1166 ao
1203 1123 1259 1181 per
1277 1108 1338 1167 hoc

165 1222 370 1283 minimum.”
409 1224 542 1299 Egregie
580 1224 826 1283 Westerhovius
864 1239 920 1297 pro
952 1222 1232 1294 reliquiarum
1263 1221 1336 1295 pri·

165 1349 278 1394 orum
301 1337 379 1410 legit
402 1339 613 1412 reliquiae
637 1352 776 1396 rerum
800 1337 1081 1411 peractarum.

209 1451 260 1510 26.
285 1451 353 1510 Hoc
377 1469 502 1527 quoque
525 1452 671 1512 scholion
696 1450 822 1525 egregie
846 1448 1093 1509 Westerhovius
1116 1449 1285 1508 dividendo
1306 1450 1338 1508 et

165 1565 363 1624 emendando
384 1566 416 1624 in
440 1567 603 1640 integrum
627 1564 779 1625 restituit.
804 1564 884 1623 Vide
908 1564 1025 1637 ipsum.

206 1786 243 1862 V,
270 1788 299 1862 9,
327 1791 377 1848 17.
403 1790 495 1849 Hanc
518 1805 652 1848 causam
676 1787 770 1846 affert
795 1786 904 1860 Syrus,
926 1786 1021 1845 modo
1042 1786 1080 1845 ob
1101 1785 1219 1844 merita
1238 1800 1338 1845 mauu

165 1901 312 1977 emissus
339 1918 394 1962 cur
418 1905 450 1962 et
473 1919 556 1962 uxor
578 1918 638 1962 sua
662 1902 762 1960 libera
783 1898 857 1958 fiat:

618 2015 686 2074 Tuo
710 2014 819 2088 nepoti
843 2011 938 2071 huius
962 2010 1027 2071 lilio

296 2129 398 2188 Hodie
422 2129 563 2204 primam
586 2143 769 2187 mammam
793 2127 880 2185 dedit
903 2125 991 2184 haec.

207 2243 415 2316 nequitatem
439 2244 594 2318 postulati
618 2242 764 2316 agnoscit
787 2241 909 2299 Demea
932 2239 1081 2299 dicendo:

693 2354 809 2415 Hercle
832 2369 909 2413 vero
932 2353 1025 2429 serio,

298 2471 331 2528 Si
355 2470 484 2543 quidem
508 2470 649 2544 primam
673 2469 768 2543 dedit,
794 2468 879 2527 haud
904 2467 1036 2526 dubium
1060 2467 1137 2540 quin
1161 2468 1268 2527 emitti

1093 2584 1242 2654 [aequom
1265 2581 1336 2640 siet.

162 2697 362 2755 Adnotatur:
396 2697 528 2756 Hodie
556 2697 733 2771 primam
758 2711 978 2755 mammam
1001 2696 1117 2754 dedit
1140 2695 1252 2765 haec]
1280 2694 1337 2769 „ri-

162 2809 304 2868 diculum
341 2811 513 2869 meritum:
549 2810 709 2883 siquidem
745 2810 921 2884 oportuerit
955 2809 1095 2884 primam
1127 2823 1198 2867 esse
1229 2824 1337 2881 quam-

163 2938 304 2996 cunque:
342 2939 383 2982 an
418 2924 492 2996 quia
530 2938 628 2983 causa
664 2925 714 2982 est
748 2924 831 2996 quod
866 2924 995 2996 ingenui
1027 2923 1177 2982 dicuntur
1206 2922 1290 2981 serio
1321 2938 1340 2981 a

163 3037 342 3095 nutricibus
361 3037 471 3095 liberis
492 3037 692 3096 educandi?”
714 3035 964 3110 corruptissima
984 3037 1063 3095 haec
1083 3038 1179 3109 atque
1196 3035 1337 3095 confusa.

163 3149 273 3208 Unum
309 3151 369 3209 hoc
400 3150 502 3224 video,
538 3151 591 3223 qui
622 3151 767 3209 scholion
798 3150 963 3224 scripserit
994 3149 1196 3224 ineptissime
1227 3149 1339 3208 serio

163 3265 295 3336 iungere
319 3280 393 3323 cum
418 3280 636 3323 mammam
658 3264 782 3323 dedit.
805 3264 930 3339 Quanto
949 3265 1135 3339 prudentior
1155 3265 1236 3323 alter
1255 3279 1338 3323 com-

163 3379 336 3452 mentator,
369 3378 423 3450 qui
454 3378 494 3436 ad
521 3378 673 3437 Hercle
697 3393 795 3436 vero
819 3379 932 3437 serio
956 3378 1141 3437 annotavit:
1169 3377 1340 3452 „adverbia

160 3492 238 3549 sunt
262 3490 518 3550 confirmantia.'’

572 3948 636 4008 AD
676 3947 930 4008 HEOYRAM.

672 4137 847 4182 PROLOGUS.

207 4298 235 4356 2.
276 4296 534 4371 „Calamitas
569 4295 650 4376 παρὰ
680 4295 734 4374 τὴν
767 4298 902 4376 καλάμην
933 4300 1057 4375 dicitur,
1091 4300 1233 4360 clades
1264 4301 1340 4373 quia

163 4410 331 4486 clamatur,
365 4412 401 4470 ut
432 4412 518 4471 aliud
546 4413 590 4471 sit
613 4413 778 4486 grandinis
802 4414 930 4473 culmen
953 4413 1141 4489 frangentis,
1167 4414 1252 4473 aliud
1276 4414 1339 4473 doli

163 4523 273 4582 mali.'’
321 4525 488 4585 Praeclare
533 4527 779 4587 Westerhovius
825 4544 881 4602 pro
924 4529 1134 4588 clamatur
1175 4529 1340 4602 rescripsit
