3230 5260
791 677 833 735 90

225 865 311 922 hunc
333 879 408 936 ergo
429 879 448 923 a
467 879 502 922 se
523 865 732 937 conspectum
752 863 963 923 dissimulans
983 863 1166 923 maledictis
1186 863 1220 922 in
1239 864 1396 946 Mysidem

225 977 388 1036 invehitur
414 978 584 1049 tamquam
606 976 780 1035 liberorum
804 977 1085 1066 supponendorum
1105 975 1271 1037 artificem.
1293 979 1345 1038 Sic
1365 981 1398 1038 et

225 1104 261 1148 se
284 1091 378 1149 extra
397 1089 525 1163 culpam
545 1089 691 1149 futurum
711 1087 850 1166 confidit,
872 1092 915 1166 et,
936 1105 998 1163 quo
1017 1090 1124 1164 magis
1143 1091 1211 1165 ipse
1231 1091 1395 1170 infitietur,

224 1218 261 1262 eo
285 1202 392 1277 magis
415 1202 612 1263 crediturum
636 1203 842 1264 Chremetem
866 1204 1028 1278 Pamphili
1047 1204 1141 1263 illum
1161 1220 1232 1264 esse
1251 1203 1396 1266 filiolum.

223 1315 333 1388 Neque
363 1316 443 1376 haec
474 1332 549 1376 011111
580 1317 1273 1393 101111000οι100110010111110011101000
1295 1317 1398 1378 filiam

223 1445 318 1490 suam
348 1431 544 1491 adolescenti
576 1447 717 1505 nequam
748 1447 867 1506 negare
894 1434 1012 1492 certus.
1037 1431 1185 1504 Dumque
1208 1431 1397 1506 Pamphilus

223 1543 339 1617 Mysidi
364 1545 498 1604 miranti
517 1546 657 1619 explicat
677 1545 753 1618 quid
772 1545 834 1605 sibi
853 1545 992 1605 voluerit
1012 1561 1050 1607 00
1070 1545 1246 1620 simulatio,
1267 1545 1398 1604 advenit

222 1655 309 1716 Crito
333 1655 472 1730 Glycerii
495 1657 585 1733 civis,
607 1658 773 1732 Chrysidis
792 1659 951 1734 sobrinus,
973 1659 1028 1732 qui
1047 1659 1171 1732 Myside
1192 1658 1303 1733 agnita
1323 1672 1398 1717 cum

222 1770 278 1830 illa
301 1770 441 1844 Glycerii
463 1773 558 1833 aedes
582 1774 691 1833 1111101.
716 1772 779 1832 Η10
800 1773 927 1832 Davus:

356 1886 477 1960 Sequar
500 1887 575 1946 hos:
600 1902 654 1946 me
678 1887 751 1947 nolo
775 1887 977 1962 intempore
1001 1887 1062 1947 hoc
1085 1887 1194 1946 videat
1217 1901 1329 1945 senex,

221 1999 366 2059 Annotat
389 2000 585 2060 Scholiasta:
612 2001 719 2076 ,Bene
742 2016 889 2060 senex:
912 2001 1001 2059 Simo
1022 2000 1205 2060 enimcum
1226 1998 1398 2058 Chremete

222 2114 282 2172 est.
306 2113 440 2187 Propter
461 2114 523 2173 hoc
545 2115 647 2174 videri
669 2129 735 2174 non
757 2115 837 2190 vult,
863 2130 903 2174 ne
927 2115 997 2175 eius
1016 2116 1128 2174 utatur
1146 2114 1230 2187 apud
1249 2128 1396 2172 socerum

221 2226 418 2302 testimonio,
443 2242 513 2286 rem
537 2243 608 2286 esse
632 2228 801 2302 Pamphilo
826 2229 982 2288 adversus
1006 2227 1201 2302 Glycerium,
1227 2228 1260 2285 et
1283 2239 1398 2285 rursus

222 2339 354 2413 nuptiae
384 2338 647 2401 confirmentur.’'
680 2342 847 2403 Eiusmodi
873 2357 925 2401 res
949 2342 1148 2415 spectatores
1168 2341 1283 2414 sponte
1306 2339 1398 2398 intel-

222 2452 343 2527 lig1mt;
375 2454 548 2514 lectoribus
579 2457 691 2514 tamen
722 2456 885 2515 interdum
913 2454 1128 2514 monitoribus
1151 2468 1231 2527 opus
1255 2455 1306 2512 est
1328 2455 1400 2512 tam

224 2565 338 2639 peritis
361 2583 460 2641 quam
483 2569 535 2628 hic
558 2571 609 2628 est
632 2569 821 2629 Scholiasta.

267 2681 354 2741 Crito
377 2699 452 2758 ergo
476 2683 539 2759 ille,
565 2699 663 2757 quem
686 2684 782 2744 modo
805 2684 1024 2758 nominabam,
1046 2682 1231 2756 Glycerium
1252 2681 1400 2756 agnoscit

223 2797 256 2854 et
285 2796 391 2856 civem
421 2797 566 2859 Atticam
599 2814 672 2857 00111
703 2813 784 2874 esse,
818 2799 850 2857 id
881 2799 964 2871 quod
995 2796 1075 2857 olim
1104 2797 1174 2870 ipse
1200 2811 1218 2855 e
1241 2794 1400 2868 Chryside

222 2909 354 2985 audivit,
391 2911 559 2985 Pamphilo
594 2914 714 2971 narrat.
751 2911 795 2971 At
826 2927 890 2971 non
922 2911 1023 2971 credit
1054 2909 1159 2968 Simo:
1184 2909 1400 2970 subornatum

222 3023 316 3082 illum
342 3023 506 3084 Critonem
529 3023 636 3085 atilio
660 3027 754 3100 putat
776 3027 814 3084 ut
837 3040 893 3099 010
918 3024 1100 3084 Chremetis
1123 3021 1190 3082 filia
1213 3021 1400 3097 Glycerium

222 3137 321 3196 istam
344 3154 481 3199 uxorem
506 3139 624 3199 habere
646 3140 759 3214 possit.
784 3139 822 3198 Iu
845 3137 950 3198 filium
975 3153 1050 3212 ergo
1074 3136 1257 3196 maledictis
1276 3134 1398 3195 invehi·

222 3222 284 3327 tur,
317 3252 370 3325 qui
403 3253 612 3312 vehementer
643 3252 703 3311 hoc
734 3251 870 3311 crimine
901 3251 1069 3326 perculsus
1099 3249 1250 3309 flebiliter
1272 3250 1399 3323 patrem

222 3365 350 3439 placare
373 3367 492 3426 studet.
520 3366 625 3441 „ugo”
651 3366 708 3435 (ait
731 3382 779 3426 vs.
805 3367 898 3435 Siloi:

313 3478 378 3552 Ego
412 3494 466 3538 me
498 3494 608 3538 amare
638 3481 723 3539 hanc
753 3481 872 3539 fateor:
905 3479 934 3537 si
964 3478 996 3536 id
1027 3477 1201 3551 peccarest,
1233 3475 1336 3535 fateor
1366 3473 1400 3533 id

1206 3593 1351 3663 [quoque.

312 3707 391 3782 Tibi,
416 3708 516 3781 00101,
541 3721 595 3765 1110
619 3707 708 3766 dedo.
733 3705 861 3780 quidvis
884 3705 991 3765 oneris
1014 3705 1153 3779 impone,
1178 3703 1312 3777 impera.

312 3819 369 3878 Vis
388 3835 443 3879 me
462 3834 599 3878 uxorem
619 3820 758 3879 ducere?
777 3821 861 3878 hanc
872 3819 923 3877 vis
935 3818 1090 3878 mittere?
1102 3818 1139 3875 ut
1150 3818 1271 3892 potere,
1284 3816 1398 3875 ieram.

312 3933 382 3993 Hoc
405 3933 501 3992 modo
525 3935 558 3992 10
582 3933 722 4008 obsecre,
748 3935 785 3992 ut
804 3949 844 3992 110
865 3933 976 3992 credas
996 3946 1015 3990 a
1034 3946 1088 3990 me
1108 3929 1295 4004 adlegatum
1313 3929 1411 3989 hunc.

1210 4046 1351 4114 1001101111

314 4161 388 4220 Sine
411 4175 465 4219 me
489 4175 666 4234 expurgem
690 4161 787 4233 atque
810 4159 903 4218 illum
926 4159 990 4217 huc
1013 4173 1122 4218 coram
1146 4157 1313 4216 adducam.

224 4275 285 4334 Hic
326 4273 585 4349 indignabundus
619 4276 711 4347 00101
747 4273 952 4348 „adduceres”
988 4271 1089 4346 rogat,
1126 4267 1276 4342 filiusque
1309 4267 1401 4344 ,sine

223 4389 346 4462 pater”.
382 4387 466 4445 'lum
498 4386 668 4446 Chremes:
703 4401 860 4461 „aequom
891 4385 1043 4459 postulat,
1076 4385 1117 4442 da
1139 4383 1302 4442 veniam”.
1326 4382 1401 4440 lure

223 4501 403 4574 meritoque
432 4500 619 4560 Terentium
642 4500 696 4560 hic
718 4500 829 4560 laudat
853 4499 1050 4558 Scholiasta:
1078 4495 1280 4574 ,Artificiose
1303 4495 1400 4554 inter-
