3254 5274
805 656 825 713 4

228 860 305 903 nam
336 860 355 902 a
385 843 557 902 Menandro
589 857 627 902 ea
653 841 754 901 fuisse
778 841 898 916 scripta
921 857 1002 915 quae
1025 841 1156 901 Persius
1178 840 1306 900 habeat.
1330 840 1400 900 Hoc

229 958 316 1017 enim
347 959 380 1017 et
411 956 587 1016 scholiasta
616 955 719 1016 Persii
750 956 828 1016 dicit
859 956 911 1015 his
934 955 1059 1015 verbis:
1086 955 1189 1031 ,apud
1213 954 1400 1013 Terentium

228 1085 383 1145 personae
415 1071 608 1130 immutatae
639 1071 748 1130 sunt.”
772 1071 813 1130 Et
836 1069 967 1131 omnino
991 1069 1047 1129 illa
1070 1070 1104 1128 in
1130 1068 1315 1128 nominibus
1339 1067 1400 1126 dis-

229 1187 393 1261 crepantia
422 1186 505 1246 mihi
535 1186 627 1260 parvi
654 1186 813 1245 momenti
836 1186 1000 1245 videretur
1015 1178 1045 1260 ¹),
1071 1183 1135 1243 nisi
1157 1185 1196 1244 de
1219 1183 1314 1258 plane
1338 1180 1401 1241 alia

228 1316 262 1358 re
294 1302 404 1374 ageret
427 1300 557 1360 Persius
581 1302 678 1374 atque
701 1299 758 1360 illa
781 1301 831 1359 est
855 1299 888 1358 in
912 1315 975 1373 qua
998 1300 1031 1358 et
1054 1297 1196 1358 Terentii
1220 1299 1252 1357 et
1275 1293 1402 1356 Horatii

227 1416 318 1475 locus
348 1417 529 1476 versantur.
562 1415 752 1476 Persianum
784 1414 876 1474 illum
903 1414 1055 1475 iuvenem
1078 1413 1234 1488 pristinae
1257 1410 1402 1471 levitatis

227 1529 326 1603 pudet
356 1530 570 1604 poenitetque,
603 1509 644 1588 ad
673 1529 793 1589 bonam
823 1528 894 1588 vult
924 1528 1028 1587 redire
1054 1527 1190 1602 frugem.
1222 1525 1292 1585 Hoc
1316 1527 1402 1590 certe

228 1642 370 1717 simulat,
404 1658 482 1702 nam
513 1643 628 1702 statim
659 1658 694 1702 se
721 1643 858 1702 indicat:
884 1641 935 1701 sui
959 1641 1153 1701 desiderium
1177 1641 1248 1700 vult
1270 1652 1402 1698 movere

228 1759 361 1818 amicae.
387 1759 564 1818 Exclusum
584 1774 619 1818 se
639 1757 739 1818 fuisse
759 1774 800 1817 ne
819 1757 917 1817 verbo
938 1757 1067 1831 quidem
1087 1754 1257 1831 significat.
1278 1754 1402 1828 Ergone

228 1872 327 1932 aliam
354 1872 499 1932 fabulam
522 1872 668 1946 ignotam
692 1872 784 1932 nobis
808 1874 884 1930 ante
907 1871 1017 1931 oculos
1040 1870 1138 1930 habet
1161 1867 1315 1928 Persius?
1338 1865 1402 1925 Vix

229 1986 336 2045 ausim
366 1986 427 2045 hoc
450 2001 647 2061 asseverare,
672 1984 749 2045 licet
771 2000 836 2044 non
859 1985 903 2044 sit
925 1983 1119 2044 incredibile.
1144 1981 1274 2042 Etenim
1297 1980 1403 2055 magis

230 2099 264 2157 in
294 2100 378 2158 hanc
408 2099 525 2159 inclino
558 2098 741 2173 opinionem
768 2100 804 2157 ut
828 2098 933 2157 dicam
957 2097 1113 2172 Persium,
1138 2097 1290 2171 pudicum
1314 2112 1402 2156 seve·

231 2227 366 2286 rumque
394 2213 641 2288 adolescentem,
667 2213 854 2286 disciplinae
878 2212 1043 2272 addictum
1067 2211 1203 2287 Stoicae,
1229 2211 1318 2270 etin
1341 2212 1401 2269 lie-

231 2326 352 2384 nandro
385 2328 417 2384 et
447 2325 481 2385 in
512 2326 661 2385 Terentio
685 2326 786 2386 inisse
809 2326 980 2400 hospitem,
1007 2328 1103 2399 atque
1126 2325 1160 2385 in
1183 2325 1253 2400 hoc,
1279 2326 1318 2384 de
1341 2340 1402 2398 quo

232 2440 368 2514 agimus,
390 2441 459 2499 loco
480 2441 708 2500 conscribendo
727 2457 790 2501 uno
810 2440 944 2500 Horatio
961 2441 1070 2500 nisum
1084 2456 1164 2515 esse,
1179 2455 1275 2513 quem
1287 2455 1402 2514 parum

230 2553 434 2628 intelligeret.
459 2555 542 2614 Nam
566 2555 594 2614 si
617 2571 718 2615 unum
739 2555 816 2614 illud
839 2555 1012 2631 ,quidnam
1032 2555 1130 2629 igitur
1149 2555 1299 2630 iaciam,'’
1321 2555 1403 2628 quod

232 2667 374 2727 cuiusvis
406 2670 464 2744 est,
498 2669 643 2742 quodque
675 2669 777 2729 obiter
807 2670 952 2744 inspecto
983 2668 1131 2728 Terentio
1165 2703 1203 2712 —
1232 2670 1270 2727 ut
1292 2669 1404 2728 tamen

231 2783 291 2842 hoc
321 2783 440 2857 largiar
470 2784 564 2843 aliter
595 2785 800 2844 censentibus
833 2819 868 2827 -
906 2798 1097 2858 cognoscere
1127 2783 1232 2858 potuit
1263 2783 1402 2859 Persius,

232 2900 339 2958 cetera
362 2898 472 2958 omnia
494 2900 651 2958 vocabula
675 2915 756 2973 quae
781 2899 811 2958 ei
834 2901 911 2958 sunt
936 2914 1010 2958 cum
1034 2898 1182 2958 Terentio
1207 2898 1401 2973 communia,

233 3014 265 3070 et
290 3012 373 3085 apud
396 3011 569 3073 Horatium
592 3013 751 3086 leguntur.
774 3012 834 3071 Sed
854 3013 934 3072 haec
953 3013 1135 3088 mittamus,
1157 3013 1196 3072 ad
1217 3012 1404 3071 Terentium

232 3126 411 3184 redeamus.
443 3126 484 3186 Et
515 3143 589 3186 cum
620 3127 658 3185 de
689 3128 758 3186 tota
788 3141 885 3186 scena
908 3126 1095 3202 viderimus,
1121 3125 1248 3200 singula
1271 3126 1403 3200 adspici-

232 3256 326 3300 amus
349 3241 515 3301 vocabula.

365 3371 413 3414 vs.
439 3355 481 3416 46
505 3370 551 3429 sq.
567 3348 589 3426 ²)

322 3468 403 3543 Quid
426 3469 524 3543 igitur
547 3470 690 3529 faciam?
713 3470 784 3529 Non
809 3485 891 3545 eam,
916 3486 957 3530 ne
981 3486 1065 3530 nunc
1089 3468 1219 3544 quidem

322 3583 424 3658 Quom
448 3599 593 3644 arcessor
616 3585 700 3644 ultro
710 3586 739 3644 ’θ’
749 3601 790 3645 an
813 3585 921 3659 potius
945 3585 990 3645 ita
1013 3601 1067 3645 me
1091 3599 1329 3659 comparem...

231 3696 358 3756 Dixerit
388 3697 504 3770 aliquis
535 3698 710 3771 particulae
741 3714 790 3758 an
822 3698 930 3758 locum
953 3699 1093 3760 hicnon
1116 3714 1204 3759 esse:
1229 3699 1404 3759 nonenim

232 3812 316 3872 inter
347 3827 382 3871 se
413 3813 564 3886 opponi
596 3814 675 3872 duas
706 3829 767 3889 ree,
800 3813 858 3873 sed
881 3813 987 3888 iungi;
1012 3829 1092 3888 opus
1116 3829 1190 3888 ergo
1215 3829 1286 3874 esse
1308 3814 1404 3888 parti·

233 3926 305 3985 cula
328 3940 388 4000 ac,
409 3927 446 3985 ut
465 3925 512 3985 sic
531 3927 597 3986 iere
617 3929 708 4001 roget
727 3926 900 3987 Phaedria:
922 3943 1044 4003 ,neque
1056 3943 1141 3988 nunc
1153 3943 1256 4002 neque
1270 3929 1405 4002 posthac

260 4183 277 4234 ¹)
299 4182 407 4226 Terentii
428 4183 565 4227 scholiasta
583 4183 612 4227 de
634 4182 778 4239 Phaedriae,
798 4182 969 4238 Parmenonis,
988 4183 1089 4228 Thaidis
1104 4183 1130 4228 in
1143 4184 1271 4228 Menandri
1286 4183 1405 4228 Eunucho

231 4260 375 4304 nominibus
396 4260 459 4304 nihil
481 4260 549 4313 dicit,
569 4271 722 4313 quamquam
743 4261 771 4304 in
791 4260 914 4305 eiusmodi
936 4263 1011 4306 rebus
1033 4262 1258 4306 commemorandis
1272 4262 1405 4306 accuratis·
1466 4309 1468 4321 ,

232 4337 313 4381 simus
327 4349 383 4382 esse
398 4339 469 4383 solet.

259 4419 276 4469 2)
297 4417 327 4462 In
349 4419 455 4462 citandis
476 4419 592 4462 versibus
614 4419 716 4462 actuum
738 4429 918 4471 scenarumque
938 4418 979 4462 hic
1001 4430 1051 4463 non
1070 4419 1166 4464 habebo
1186 4419 1322 4477 rationem
1344 4418 1405 4465 indi-

232 4495 292 4539 cabo
305 4494 481 4541 tantummodo
495 4497 596 4541 totius
612 4497 712 4542 fabulae
726 4498 818 4549 quotus
833 4497 869 4542 sit
883 4507 973 4542 versus
989 4497 1019 4542 de
1032 4508 1080 4550 quo
1095 4497 1185 4551 agitur.
