3230 5260
834 667 875 724 88

269 853 479 913 Menandrum
509 855 588 914 haec
615 870 679 914 non
703 856 799 914 sunt’'
823 854 877 914 1161
902 855 1038 928 ,melius
1062 853 1232 914 Terentius
1256 868 1356 925 quam
1381 853 1442 911 Me·

268 968 421 1042 nander,”
446 969 575 1041 saepius
599 970 710 1027 tamen
733 969 820 1027 idem
843 968 1009 1027 obscurius
1033 964 1203 1041 significat.
1224 967 1264 1025 nt
1284 966 1443 1025 miramur

270 1081 370 1140 etiam
401 1096 457 1140 cur
487 1097 586 1141 unam
613 1082 757 1142 fabulam
781 1082 1174 1140 Heautontimorumenon
1197 1080 1287 1140 nulla
1310 1081 1441 1138 annota-

268 1194 356 1253 tione
376 1194 507 1268 dignam
527 1195 699 1254 habuerit?
719 1195 812 1254 Hanc
832 1195 920 1254 enim
935 1210 995 1269 ,ex
1009 1194 1136 1267 integra
1147 1193 1269 1253 Graeca
1281 1193 1443 1266 integram

270 1308 491 1366 comoediam”
527 1309 655 1382 scripsit
686 1309 864 1384 Terentius,
897 1323 1059 1382 nusquam
1090 1322 1165 1381 ergo
1196 1308 1230 1367 in
1254 1323 1292 1367 ea
1315 1307 1443 1382 propria

271 1421 340 1479 eius
364 1421 487 1480 indoles
511 1422 624 1481 elucet.

314 1533 403 1592 Artis
434 1536 579 1595 scenicae
612 1537 878 1595 amantissimum
904 1535 1203 1610 peritissimumque
1227 1533 1443 1594 Scholiastam

271 1647 433 1706 dicebam:
466 1649 505 1708 ad
536 1649 619 1708 hanc
651 1666 725 1723 ergo
758 1665 872 1708 omnes
896 1650 966 1708 6166
990 1648 1216 1708 annotationes
1239 1647 1351 1707 referri
1374 1663 1442 1722 pos-

271 1763 363 1822 sunt:
395 1761 525 1822 illarum
556 1765 667 1823 antem
699 1765 836 1836 quatuor
864 1763 930 1822 fere
954 1763 1036 1821 mihi
1059 1762 1231 1821 observare
1254 1761 1346 1821 visus
1369 1777 1444 1820 sum

271 1889 398 1947 genera.

315 1987 346 2051 Ι.
370 1989 502 2048 Efficere
525 1992 659 2050 conatur
682 1990 863 2051 Scholiasta
886 1993 923 2050 nt
946 1991 1007 2065 ipsi
1030 1991 1144 2050 adesse
1164 1989 1256 2050 nobis
1275 1990 1445 2049 videamur

271 2104 384 2175 poetae
408 2103 569 2179 scribenti,
596 2105 759 2180 cogitanti,
780 2104 933 2164 studenti.
955 2106 992 2164 ln
1011 2105 1172 2179 poeticam
1191 2119 1250 2163 nos
1271 2104 1446 2164 introducit

272 2215 442 2292 officinam,
478 2216 532 2275 ubi
563 2217 690 2291 singula
719 2218 954 2291 perlustramus
985 2218 1204 2277 instrumenta
1235 2219 1268 2276 et
1298 2217 1374 2294 quid
1406 2217 1445 2276 iis

271 2327 380 2402 perfici
403 2331 506 2403 possit
529 2346 771 2404 cognoscamus
792 2331 880 2391 Dabo
900 2347 1003 2391 unum
1021 2332 1225 2412 alterumque
1245 2330 1442 2405 exemplum.

272 2441 312 2500 Et
342 2443 483 2515 primurn
510 2445 564 2504 hic
586 2446 732 2518 repetam
755 2461 837 2518 quae
861 2446 901 2504 ad
924 2446 1003 2505 Eun.
1029 2445 1091 2504 941
1118 2446 1150 2504 61
1175 2444 1260 2503 1004
1283 2445 1443 2518 leguntur.

272 2554 322 2613 Ad
356 2556 462 2630 verba,
489 2572 563 2630 ergo
598 2557 775 2633 Pythiadis,
812 2557 927 2631 quibus
961 2558 1156 2617 Parmenoni
1190 2573 1284 2617 servo
1320 2559 1444 2616 certum

273 2668 443 2728 minitatur
466 2670 620 2729 exitium:

451 2784 516 2857 Ego
540 2785 592 2857 pol
615 2786 648 2842 16
671 2800 728 2859 pro
752 2785 825 2844 istis
850 2785 1124 2860 111611661166116,
1150 2784 1265 2859 scelus,

450 2897 604 2973 Ulciscar,
629 2900 729 2957 61116
754 2899 885 2971 impune
909 2899 942 2957 in
966 2913 1025 2957 nos
1049 2898 1189 2957 illuseris

274 3013 424 3071 annotat:
459 3015 512 3087 ,et
543 3013 582 3072 ab
613 3013 704 3072 initio
736 3028 800 3071 non
830 3013 975 3085 placatur
1006 3012 1140 3085 Pythias
1167 3027 1227 3071 nec
1250 3012 1443 3086 ingratiam

274 3125 357 3184 redit
388 3124 558 3185 Chaereae.
591 3126 631 3185 Et
662 3127 792 3200 insuper
821 3141 906 3185 nunc
930 3127 1011 3185 mire
1035 3141 1054 3185 a
1077 3126 1277 3185 Parmenone
1300 3125 1443 3186 irritatur

273 3239 388 3314 magis,
409 3242 446 3298 61
465 3255 521 3314 per
542 3255 614 3299 eam
633 3239 792 3299 Parmeno
811 3241 979 3315 terreatur,
1002 3240 1080 3299 adeo
1093 3242 1130 3299 61
1141 3255 1197 3314 per
1209 3241 1443 3299 Parmenonem

273 3351 396 3424 ingredi
430 3354 470 3411 ad
504 3353 660 3412 Thaidem
696 3354 828 3426 cogatur
862 3368 972 3428 6611611,
1009 3355 1042 3412 61
1076 3353 1208 3412 demum
1242 3368 1298 3426 per
1332 3367 1443 3411 senem

170 3494 172 3499 ·
271 3466 402 3539 nuptiae
434 3465 673 3526 confirmentur.
702 3467 791 3525 Haec
815 3481 889 3539 ergo
914 3464 1090 3525 artificibus
1114 3464 1146 3524 et
1170 3465 1313 3540 eruditis
1339 3467 1444 3524 cetera

272 3581 506 3653 spectatoribus
536 3582 631 3654 116616
662 3581 825 3639 exhibet.”
857 3580 986 3639 Dixeris
1018 3579 1242 3638 ascholiasta
1264 3579 1444 3653 inspectam

270 3693 423 3767 paginam
443 3694 711 3770 adversariorum,
733 3694 766 3752 in
783 3709 846 3766 qua
858 3695 961 3769 poeta,
976 3693 1166 3766 priusquam
1178 3708 1293 3752 versus
1306 3693 1444 3752 scribere

270 3807 433 3883 inciperet,
458 3808 559 3867 totius
583 3810 675 3867 actus
696 3809 867 3868 decursum
890 3807 1002 3882 paucis
1026 3807 1264 3880 consignaverit
1286 3807 1400 3866 literis.

314 3920 373 3980 Ad.
405 3937 453 3980 vs.
490 3923 583 3997 1004,
616 3923 700 3981 unde
732 3938 816 3981 nova
843 3922 956 3996 incipit
979 3937 1077 3980 666116
1100 3921 1134 3980 111
1157 3936 1221 3994 qua
1243 3921 1444 3980 Parmenoa

270 4033 428 4118 Pythiade
458 4035 595 4094 ludibrio
626 4035 778 4094 habetur:
814 4035 969 4110 ,Pythias
1002 4035 1164 4109 egreditur
1186 4035 1289 4094 veluti
1312 4035 1445 4094 irrisura

269 4148 515 4225 Parmenonem,
539 4151 577 4209 ut
600 4150 671 4223 ipsa
693 4151 796 4223 putat.
822 4148 936 4223 Egredi
961 4151 1072 4208 autem
1096 4164 1115 4208 a
1138 4135 1234 4223 poeta
1255 4149 1388 4223 cogitur,
1408 4149 1445 4208 61

269 4263 382 4322 doceat
405 4243 568 4338 populum,
594 4263 669 4336 quid
692 4263 780 4322 intus
805 4263 907 4337 egerit
930 4264 1062 4322 senex.''

313 4376 411 4434 Andr.
445 4378 519 4436 637.
543 4376 742 4450 Pamphilus,
768 4376 822 4434 ubi
845 4377 914 4434 suis
940 4375 1071 4435 auribus
1095 4377 1220 4435 audivit
1243 4392 1278 4435 66
1301 4376 1384 4436 Davi
1407 4377 1444 4436 de

268 4488 460 4552 simulandis
490 4489 612 4563 nuptiis
644 4489 776 4551 consilio
808 4489 849 4555 ad
881 4505 976 4548 veras
1008 4489 1139 4563 nuptias
1170 4490 1216 4550 ita
1239 4490 1442 4568 compulsum
