<?xml version="1.0" encoding="UTF-8"?>
<!DOCTYPE html PUBLIC "-//W3C//DTD XHTML 1.0 Transitional//EN"
    "http://www.w3.org/TR/xhtml1/DTD/xhtml1-transitional.dtd">
<html xmlns="http://www.w3.org/1999/xhtml" xml:lang="en" lang="en">
 <head>
  <title>
</title>
<meta http-equiv="Content-Type" content="text/html;charset=utf-8" />
  <meta name='ocr-system' content='tesseract 3.04.00' />
  <meta name='ocr-capabilities' content='ocr_page ocr_carea ocr_par ocr_line ocrx_word'/>
</head>
<body>
  <div class='ocr_page' id='page_1' title='image "./deterentioetdon00hartgoog_0131.png"; bbox 0 0 3230 5260; ppageno 0'>
   <div class='ocr_carea' id='block_1_1' title="bbox 817 665 878 726">
    <p class='ocr_par' dir='ltr' id='par_1_1' title="bbox 817 665 878 726">
     <span class='ocr_line' id='line_1_1' title="bbox 817 665 878 726; baseline 0 0"><span class='ocrx_word' id='word_1_1' title='bbox 817 665 878 726; x_wconf 84' lang='grc'>116</span> 
     </span>
    </p>
   </div>
   <div class='ocr_carea' id='block_1_2' title="bbox 242 854 1431 4236">
    <p class='ocr_par' dir='ltr' id='par_1_2' title="bbox 432 854 1316 936">
     <span class='ocr_line' id='line_1_2' title="bbox 432 854 1316 936; baseline 0.005 -24"><span class='ocrx_word' id='word_1_2' title='bbox 432 854 485 929; x_wconf 88' lang='lat' dir='ltr'>IV,</span> <span class='ocrx_word' id='word_1_3' title='bbox 511 855 540 936; x_wconf 80' lang='lat'>2,</span> <span class='ocrx_word' id='word_1_4' title='bbox 567 855 608 916; x_wconf 76' lang='lat'>52</span> <span class='ocrx_word' id='word_1_5' title='bbox 633 855 923 916; x_wconf 83' lang='lat' dir='ltr'>silicernium:</span> <span class='ocrx_word' id='word_1_6' title='bbox 949 871 968 914; x_wconf 87' lang='lat' dir='ltr'>a</span> <span class='ocrx_word' id='word_1_7' title='bbox 992 857 1150 917; x_wconf 89' lang='lat' dir='ltr'>cernendo</span> <span class='ocrx_word' id='word_1_8' title='bbox 1174 857 1316 916; x_wconf 86' lang='lat' dir='ltr'>silentes</span> 
     </span>
    </p>

    <p class='ocr_par' dir='ltr' id='par_1_3' title="bbox 431 966 1431 1497">
     <span class='ocr_line' id='line_1_3' title="bbox 431 966 1429 1043; baseline 0.004 -20"><span class='ocrx_word' id='word_1_9' title='bbox 431 966 468 1042; x_wconf 88' lang='lat' dir='ltr'>V,</span> <span class='ocrx_word' id='word_1_10' title='bbox 495 969 524 1042; x_wconf 85' lang='grc'>3,</span> <span class='ocrx_word' id='word_1_11' title='bbox 550 969 570 1027; x_wconf 82' lang='grc'>4</span> <span class='ocrx_word' id='word_1_12' title='bbox 635 970 739 1027; x_wconf 90' lang='lat' dir='ltr'>maria</span> <span class='ocrx_word' id='word_1_13' title='bbox 762 969 902 1042; x_wconf 77' lang='lat' dir='ltr'>Neptuni</span> <span class='ocrx_word' id='word_1_14' title='bbox 926 968 965 1028; x_wconf 90' lang='lat' dir='ltr'>ab</span> <span class='ocrx_word' id='word_1_15' title='bbox 986 970 1068 1029; x_wconf 88' lang='lat' dir='ltr'>irato</span> <span class='ocrx_word' id='word_1_16' title='bbox 1088 970 1209 1030; x_wconf 82' lang='lat' dir='ltr'>Demea</span> <span class='ocrx_word' id='word_1_17' title='bbox 1228 971 1429 1043; x_wconf 86' lang='lat' dir='ltr'>invocantur,</span> 
     </span>
     <span class='ocr_line' id='line_1_4' title="bbox 676 1082 1430 1156; baseline 0 -16"><span class='ocrx_word' id='word_1_18' title='bbox 676 1083 729 1141; x_wconf 90' lang='lat' dir='ltr'>vel</span> <span class='ocrx_word' id='word_1_19' title='bbox 752 1083 835 1155; x_wconf 87' lang='lat' dir='ltr'>quod</span> <span class='ocrx_word' id='word_1_20' title='bbox 860 1082 921 1141; x_wconf 88' lang='lat' dir='ltr'>diis</span> <span class='ocrx_word' id='word_1_21' title='bbox 940 1098 1065 1156; x_wconf 85' lang='lat' dir='ltr'>quoque</span> <span class='ocrx_word' id='word_1_22' title='bbox 1085 1084 1235 1143; x_wconf 77' lang='lat' dir='ltr'>irascitur</span> <span class='ocrx_word' id='word_1_23' title='bbox 1259 1083 1312 1155; x_wconf 84' lang='lat' dir='ltr'>qui</span> <span class='ocrx_word' id='word_1_24' title='bbox 1336 1083 1369 1140; x_wconf 93' lang='lat' dir='ltr'>in</span> <span class='ocrx_word' id='word_1_25' title='bbox 1389 1083 1430 1140; x_wconf 88' lang='lat' dir='ltr'>iis</span> 
     </span>
     <span class='ocr_line' id='line_1_5' title="bbox 677 1197 1431 1270; baseline 0 -16"><span class='ocrx_word' id='word_1_26' title='bbox 677 1197 904 1270; x_wconf 90' lang='lat' dir='ltr'>commoratur,</span> <span class='ocrx_word' id='word_1_27' title='bbox 926 1197 979 1255; x_wconf 90' lang='lat' dir='ltr'>vel</span> <span class='ocrx_word' id='word_1_28' title='bbox 999 1197 1074 1268; x_wconf 90' lang='lat' dir='ltr'>quia</span> <span class='ocrx_word' id='word_1_29' title='bbox 1086 1197 1162 1256; x_wconf 87' lang='lat' dir='ltr'>deos</span> <span class='ocrx_word' id='word_1_30' title='bbox 1175 1212 1239 1256; x_wconf 88' lang='lat' dir='ltr'>nou</span> <span class='ocrx_word' id='word_1_31' title='bbox 1252 1212 1323 1255; x_wconf 90' lang='lat' dir='ltr'>esse</span> <span class='ocrx_word' id='word_1_32' title='bbox 1335 1199 1431 1270; x_wconf 88' lang='lat' dir='ltr'>putat</span> 
     </span>
     <span class='ocr_line' id='line_1_6' title="bbox 677 1309 1430 1386; baseline -0.001 -18"><span class='ocrx_word' id='word_1_33' title='bbox 677 1309 756 1368; x_wconf 88' lang='lat' dir='ltr'>haec</span> <span class='ocrx_word' id='word_1_34' title='bbox 780 1311 890 1369; x_wconf 89' lang='lat' dir='ltr'>omnia</span> <span class='ocrx_word' id='word_1_35' title='bbox 913 1310 1074 1384; x_wconf 80' lang='lat' dir='ltr'>Neptunia</span> <span class='ocrx_word' id='word_1_36' title='bbox 1097 1311 1183 1386; x_wconf 87' lang='lat' dir='ltr'>dicit,</span> <span class='ocrx_word' id='word_1_37' title='bbox 1211 1313 1248 1371; x_wconf 94' lang='lat' dir='ltr'>ut</span> <span class='ocrx_word' id='word_1_38' title='bbox 1271 1312 1321 1369; x_wconf 89' lang='lat' dir='ltr'>est</span> <span class='ocrx_word' id='word_1_39' title='bbox 1345 1310 1430 1384; x_wconf 88' lang='lat' dir='ltr'>apud</span> 
     </span>
     <span class='ocr_line' id='line_1_7' title="bbox 674 1423 863 1497; baseline 0.011 -17"><span class='ocrx_word' id='word_1_40' title='bbox 674 1423 863 1497; x_wconf 84' lang='lat' dir='ltr'>Virgilium:</span> 
     </span>
    </p>

    <p class='ocr_par' dir='ltr' id='par_1_4' title="bbox 720 1536 1307 1598">
     <span class='ocr_line' id='line_1_8' title="bbox 720 1536 1307 1598; baseline -0.002 -2"><span class='ocrx_word' id='word_1_41' title='bbox 720 1537 836 1596; x_wconf 89' lang='lat' dir='ltr'>Omnia</span> <span class='ocrx_word' id='word_1_42' title='bbox 859 1537 912 1596; x_wconf 85' lang='lat' dir='ltr'>vel</span> <span class='ocrx_word' id='word_1_43' title='bbox 935 1538 1080 1597; x_wconf 90' lang='lat' dir='ltr'>medium</span> <span class='ocrx_word' id='word_1_44' title='bbox 1104 1536 1185 1597; x_wconf 91' lang='lat' dir='ltr'>fiant</span> <span class='ocrx_word' id='word_1_45' title='bbox 1207 1553 1307 1598; x_wconf 91' lang='lat' dir='ltr'>mare.</span> 
     </span>
    </p>

    <p class='ocr_par' dir='ltr' id='par_1_5' title="bbox 428 1650 1036 1725">
     <span class='ocr_line' id='line_1_9' title="bbox 428 1650 1036 1725; baseline 0.002 -17"><span class='ocrx_word' id='word_1_46' title='bbox 428 1650 465 1725; x_wconf 88' lang='lat' dir='ltr'>V,</span> <span class='ocrx_word' id='word_1_47' title='bbox 492 1650 521 1724; x_wconf 89' lang='lat'>8,</span> <span class='ocrx_word' id='word_1_48' title='bbox 548 1650 588 1708; x_wconf 83' lang='lat'>29</span> <span class='ocrx_word' id='word_1_49' title='bbox 630 1650 820 1709; x_wconf 89' lang='lat' dir='ltr'>verbum:</span> <span class='ocrx_word' id='word_1_50' title='bbox 846 1666 865 1710; x_wconf 91' lang='lat' dir='ltr'>a</span> <span class='ocrx_word' id='word_1_51' title='bbox 889 1651 1036 1710; x_wconf 86' lang='lat' dir='ltr'>veritate.</span> 
     </span>
    </p>

    <p class='ocr_par' dir='ltr' id='par_1_6' title="bbox 322 1763 1113 1839">
     <span class='ocr_line' id='line_1_10' title="bbox 322 1763 1113 1839; baseline 0 -16"><span class='ocrx_word' id='word_1_52' title='bbox 322 1810 328 1823; x_wconf 92' lang='lat'>.</span> <span class='ocrx_word' id='word_1_53' title='bbox 431 1763 454 1839; x_wconf 95' lang='grc' dir='ltr'>Ι,</span> <span class='ocrx_word' id='word_1_54' title='bbox 483 1765 509 1839; x_wconf 91' lang='lat'>1,</span> <span class='ocrx_word' id='word_1_55' title='bbox 536 1763 554 1822; x_wconf 88' lang='lat'>8</span> <span class='ocrx_word' id='word_1_56' title='bbox 631 1763 853 1822; x_wconf 89' lang='lat' dir='ltr'>Mulciber:</span> <span class='ocrx_word' id='word_1_57' title='bbox 879 1779 898 1823; x_wconf 90' lang='lat' dir='ltr'>a</span> <span class='ocrx_word' id='word_1_58' title='bbox 921 1764 1113 1823; x_wconf 87' lang='lat' dir='ltr'>mutilando.</span> 
     </span>
    </p>

    <p class='ocr_par' dir='ltr' id='par_1_7' title="bbox 430 1878 1102 1953">
     <span class='ocr_line' id='line_1_11' title="bbox 430 1878 1102 1953; baseline 0.003 -18"><span class='ocrx_word' id='word_1_59' title='bbox 430 1878 453 1952; x_wconf 93' lang='grc' dir='ltr'>Ι,</span> <span class='ocrx_word' id='word_1_60' title='bbox 480 1879 508 1953; x_wconf 81' lang='lat'>2,</span> <span class='ocrx_word' id='word_1_61' title='bbox 536 1879 554 1936; x_wconf 82' lang='lat'><strong>2</strong></span> <span class='ocrx_word' id='word_1_62' title='bbox 630 1879 896 1951; x_wconf 85' lang='lat' dir='ltr'>percontari:</span> <span class='ocrx_word' id='word_1_63' title='bbox 922 1894 941 1937; x_wconf 91' lang='lat' dir='ltr'>a</span> <span class='ocrx_word' id='word_1_64' title='bbox 965 1879 1068 1937; x_wconf 90' lang='lat' dir='ltr'>conto.</span> <span class='ocrx_word' id='word_1_65' title='bbox 1101 1885 1102 1888; x_wconf 76' lang='grc'>’</span> 
     </span>
    </p>

    <p class='ocr_par' dir='ltr' id='par_1_8' title="bbox 429 1990 1429 2178">
     <span class='ocr_line' id='line_1_12' title="bbox 429 1990 1429 2065; baseline 0.001 -17"><span class='ocrx_word' id='word_1_66' title='bbox 429 1991 468 2065; x_wconf 93' lang='grc' dir='ltr'>ΙΙ,</span> <span class='ocrx_word' id='word_1_67' title='bbox 497 1992 523 2065; x_wconf 93' lang='grc'>1,</span> <span class='ocrx_word' id='word_1_68' title='bbox 549 1991 589 2049; x_wconf 82' lang='grc'>41</span> <span class='ocrx_word' id='word_1_69' title='bbox 634 1992 802 2065; x_wconf 90' lang='lat' dir='ltr'>oppido:</span> <span class='ocrx_word' id='word_1_70' title='bbox 838 2007 857 2050; x_wconf 87' lang='lat' dir='ltr'>a</span> <span class='ocrx_word' id='word_1_71' title='bbox 892 1992 977 2050; x_wconf 90' lang='lat' dir='ltr'>dicto</span> <span class='ocrx_word' id='word_1_72' title='bbox 1012 1991 1225 2051; x_wconf 85' lang='lat' dir='ltr'>rusticorum:</span> <span class='ocrx_word' id='word_1_73' title='bbox 1265 1990 1335 2065; x_wconf 91' lang='lat' dir='ltr'>,vel</span> <span class='ocrx_word' id='word_1_74' title='bbox 1365 1991 1429 2051; x_wconf 87' lang='lat' dir='ltr'>toti</span> 
     </span>
     <span class='ocr_line' id='line_1_13' title="bbox 672 2105 1201 2178; baseline 0.002 -15"><span class='ocrx_word' id='word_1_75' title='bbox 672 2105 786 2178; x_wconf 89' lang='lat' dir='ltr'>oppido</span> <span class='ocrx_word' id='word_1_76' title='bbox 810 2105 929 2164; x_wconf 89' lang='lat' dir='ltr'>messis</span> <span class='ocrx_word' id='word_1_77' title='bbox 953 2120 1028 2164; x_wconf 89' lang='lat' dir='ltr'>mea</span> <span class='ocrx_word' id='word_1_78' title='bbox 1051 2105 1201 2164; x_wconf 87' lang='lat' dir='ltr'>sufficit.&#39;’</span> 
     </span>
    </p>

    <p class='ocr_par' dir='ltr' id='par_1_9' title="bbox 428 2218 1426 2294">
     <span class='ocr_line' id='line_1_14' title="bbox 428 2218 1426 2294; baseline 0.005 -19"><span class='ocrx_word' id='word_1_79' title='bbox 428 2218 483 2292; x_wconf 96' lang='grc' dir='ltr'><strong>ΙΙΙ,</strong></span> <span class='ocrx_word' id='word_1_80' title='bbox 509 2221 539 2294; x_wconf 88' lang='grc'>4,</span> <span class='ocrx_word' id='word_1_81' title='bbox 566 2220 605 2278; x_wconf 83' lang='grc'>27</span> <span class='ocrx_word' id='word_1_82' title='bbox 631 2234 762 2279; x_wconf 77' lang='lat' dir='ltr'>caroso</span> <span class='ocrx_word' id='word_1_83' title='bbox 782 2220 913 2280; x_wconf 77' lang='lat' dir='ltr'>cauendi</span> <span class='ocrx_word' id='word_1_84' title='bbox 931 2219 1019 2279; x_wconf 80' lang='lat' dir='ltr'>uerbo</span> <span class='ocrx_word' id='word_1_85' title='bbox 1039 2219 1084 2278; x_wconf 81' lang='lat' dir='ltr'>cel</span> <span class='ocrx_word' id='word_1_86' title='bbox 1102 2237 1123 2280; x_wconf 85' lang='lat' dir='ltr'>a</span> <span class='ocrx_word' id='word_1_87' title='bbox 1143 2221 1270 2280; x_wconf 77' lang='lat' dir='ltr'>carendi</span> <span class='ocrx_word' id='word_1_88' title='bbox 1282 2221 1426 2290; x_wconf 82' lang='lat' dir='ltr'>(animo).</span> 
     </span>
    </p>

    <p class='ocr_par' dir='ltr' id='par_1_10' title="bbox 427 2332 1156 2408">
     <span class='ocr_line' id='line_1_15' title="bbox 427 2332 1156 2408; baseline 0.004 -19"><span class='ocrx_word' id='word_1_89' title='bbox 427 2332 483 2407; x_wconf 96' lang='grc' dir='ltr'><strong>ΙΙΙ,</strong></span> <span class='ocrx_word' id='word_1_90' title='bbox 509 2334 538 2408; x_wconf 82' lang='lat'>5,</span> <span class='ocrx_word' id='word_1_91' title='bbox 564 2334 583 2391; x_wconf 88' lang='lat'>9</span> <span class='ocrx_word' id='word_1_92' title='bbox 631 2333 1156 2393; x_wconf 89' lang='lat' dir='ltr'>consobrinus:sororinus.</span> 
     </span>
    </p>

    <p class='ocr_par' dir='ltr' id='par_1_11' title="bbox 428 2445 1427 2636">
     <span class='ocr_line' id='line_1_16' title="bbox 428 2445 1427 2521; baseline 0.005 -19"><span class='ocrx_word' id='word_1_93' title='bbox 428 2445 484 2520; x_wconf 90' lang='grc' dir='ltr'>ΙΙΙ,</span> <span class='ocrx_word' id='word_1_94' title='bbox 511 2447 539 2521; x_wconf 81' lang='lat'>5,</span> <span class='ocrx_word' id='word_1_95' title='bbox 565 2448 606 2506; x_wconf 77' lang='lat'>53</span> <span class='ocrx_word' id='word_1_96' title='bbox 630 2448 860 2520; x_wconf 89' lang='lat' dir='ltr'>protervus</span> <span class='ocrx_word' id='word_1_97' title='bbox 891 2450 923 2507; x_wconf 92' lang='lat' dir='ltr'>et</span> <span class='ocrx_word' id='word_1_98' title='bbox 955 2463 974 2506; x_wconf 90' lang='lat' dir='ltr'>a</span> <span class='ocrx_word' id='word_1_99' title='bbox 1004 2449 1209 2508; x_wconf 87' lang='lat' dir='ltr'>substantivo</span> <span class='ocrx_word' id='word_1_100' title='bbox 1233 2449 1325 2507; x_wconf 91' lang='lat' dir='ltr'>tauro</span> <span class='ocrx_word' id='word_1_101' title='bbox 1350 2450 1382 2507; x_wconf 88' lang='lat' dir='ltr'>et</span> <span class='ocrx_word' id='word_1_102' title='bbox 1407 2463 1427 2506; x_wconf 89' lang='lat' dir='ltr'>a</span> 
     </span>
     <span class='ocr_line' id='line_1_17' title="bbox 671 2562 984 2636; baseline 0.006 -16"><span class='ocrx_word' id='word_1_103' title='bbox 671 2562 768 2621; x_wconf 88' lang='lat' dir='ltr'>verbo</span> <span class='ocrx_word' id='word_1_104' title='bbox 792 2565 984 2636; x_wconf 88' lang='lat' dir='ltr'>proterendi.</span> 
     </span>
    </p>

    <p class='ocr_par' dir='ltr' id='par_1_12' title="bbox 428 2676 1425 2852">
     <span class='ocr_line' id='line_1_18' title="bbox 428 2676 1425 2751; baseline 0.002 -17"><span class='ocrx_word' id='word_1_105' title='bbox 428 2677 480 2751; x_wconf 89' lang='lat' dir='ltr'>IV,</span> <span class='ocrx_word' id='word_1_106' title='bbox 509 2678 535 2751; x_wconf 94' lang='grc'>1,</span> <span class='ocrx_word' id='word_1_107' title='bbox 562 2678 602 2735; x_wconf 85' lang='grc'>41</span> <span class='ocrx_word' id='word_1_108' title='bbox 631 2677 769 2736; x_wconf 86' lang='lat' dir='ltr'>virum</span> <span class='ocrx_word' id='word_1_109' title='bbox 818 2677 1007 2737; x_wconf 85' lang='lat' dir='ltr'>firmum:</span> <span class='ocrx_word' id='word_1_110' title='bbox 1058 2676 1190 2737; x_wconf 84' lang='lat' dir='ltr'>firmum</span> <span class='ocrx_word' id='word_1_111' title='bbox 1240 2677 1274 2738; x_wconf 91' lang='lat' dir='ltr'>in</span> <span class='ocrx_word' id='word_1_112' title='bbox 1319 2677 1425 2737; x_wconf 88' lang='lat' dir='ltr'>officio</span> 
     </span>
     <span class='ocr_line' id='line_1_19' title="bbox 672 2792 785 2852; baseline 0.009 -1"><span class='ocrx_word' id='word_1_113' title='bbox 672 2792 785 2852; x_wconf 87' lang='lat' dir='ltr'>coitus.</span> 
     </span>
    </p>

    <p class='ocr_par' dir='ltr' id='par_1_13' title="bbox 425 2907 1422 3082">
     <span class='ocr_line' id='line_1_20' title="bbox 425 2907 1422 2982; baseline 0.003 -18"><span class='ocrx_word' id='word_1_114' title='bbox 425 2907 477 2982; x_wconf 86' lang='lat' dir='ltr'>lV,</span> <span class='ocrx_word' id='word_1_115' title='bbox 503 2908 532 2982; x_wconf 80' lang='lat'>4,</span> <span class='ocrx_word' id='word_1_116' title='bbox 561 2908 600 2965; x_wconf 88' lang='grc'>19</span> <span class='ocrx_word' id='word_1_117' title='bbox 628 2922 884 2981; x_wconf 85' lang='lat' dir='ltr'>praegnans:</span> <span class='ocrx_word' id='word_1_118' title='bbox 917 2909 992 2966; x_wconf 87' lang='lat' dir='ltr'>ante</span> <span class='ocrx_word' id='word_1_119' title='bbox 1023 2909 1159 2981; x_wconf 85' lang='lat' dir='ltr'>gnatum</span> <span class='ocrx_word' id='word_1_120' title='bbox 1190 2908 1242 2966; x_wconf 84' lang='lat' dir='ltr'>vel</span> <span class='ocrx_word' id='word_1_121' title='bbox 1274 2909 1348 2967; x_wconf 85' lang='lat' dir='ltr'>ante</span> <span class='ocrx_word' id='word_1_122' title='bbox 1371 2924 1422 2981; x_wconf 87' lang='lat' dir='ltr'>ge-</span> 
     </span>
     <span class='ocr_line' id='line_1_21' title="bbox 669 3023 836 3082; baseline 0.006 -1"><span class='ocrx_word' id='word_1_123' title='bbox 669 3023 836 3082; x_wconf 81' lang='lat' dir='ltr'>natricem.</span> 
     </span>
    </p>

    <p class='ocr_par' dir='ltr' id='par_1_14' title="bbox 423 3136 1423 3776">
     <span class='ocr_line' id='line_1_22' title="bbox 423 3136 1423 3212; baseline 0.004 -19"><span class='ocrx_word' id='word_1_124' title='bbox 423 3136 460 3212; x_wconf 91' lang='lat' dir='ltr'>V,</span> <span class='ocrx_word' id='word_1_125' title='bbox 489 3138 515 3211; x_wconf 94' lang='grc'>1,</span> <span class='ocrx_word' id='word_1_126' title='bbox 542 3138 561 3196; x_wconf 88' lang='grc'><strong>3</strong></span> <span class='ocrx_word' id='word_1_127' title='bbox 627 3137 860 3210; x_wconf 89' lang='lat' dir='ltr'>impetrare</span> <span class='ocrx_word' id='word_1_128' title='bbox 873 3137 943 3196; x_wconf 88' lang='lat' dir='ltr'>ideo</span> <span class='ocrx_word' id='word_1_129' title='bbox 957 3137 995 3199; x_wconf 90' lang='lat' dir='ltr'>de</span> <span class='ocrx_word' id='word_1_130' title='bbox 1008 3137 1103 3196; x_wconf 92' lang='lat' dir='ltr'>rebus</span> <span class='ocrx_word' id='word_1_131' title='bbox 1116 3136 1298 3197; x_wconf 87' lang='lat' dir='ltr'>difficilibus</span> <span class='ocrx_word' id='word_1_132' title='bbox 1306 3138 1423 3198; x_wconf 88' lang='lat' dir='ltr'>dicitur</span> 
     </span>
     <span class='ocr_line' id='line_1_23' title="bbox 666 3250 1422 3325; baseline 0.004 -17"><span class='ocrx_word' id='word_1_133' title='bbox 666 3250 742 3322; x_wconf 88' lang='lat' dir='ltr'>quia</span> <span class='ocrx_word' id='word_1_134' title='bbox 768 3250 893 3325; x_wconf 87' lang='lat' dir='ltr'>proprie</span> <span class='ocrx_word' id='word_1_135' title='bbox 914 3251 954 3310; x_wconf 89' lang='lat' dir='ltr'>ad</span> <span class='ocrx_word' id='word_1_136' title='bbox 971 3250 1092 3309; x_wconf 90' lang='lat' dir='ltr'>coitum</span> <span class='ocrx_word' id='word_1_137' title='bbox 1105 3251 1261 3323; x_wconf 72' lang='lat' dir='ltr'>pertinet:</span> <span class='ocrx_word' id='word_1_138' title='bbox 1276 3252 1315 3310; x_wconf 87' lang='lat' dir='ltr'>ad</span> <span class='ocrx_word' id='word_1_139' title='bbox 1328 3251 1422 3311; x_wconf 89' lang='lat' dir='ltr'>illum</span> 
     </span>
     <span class='ocr_line' id='line_1_24' title="bbox 667 3366 1421 3442; baseline 0.003 -18"><span class='ocrx_word' id='word_1_140' title='bbox 667 3368 777 3425; x_wconf 90' lang='lat' dir='ltr'>autem</span> <span class='ocrx_word' id='word_1_141' title='bbox 808 3366 970 3440; x_wconf 90' lang='lat' dir='ltr'>perveniri</span> <span class='ocrx_word' id='word_1_142' title='bbox 993 3382 1058 3424; x_wconf 91' lang='lat' dir='ltr'>non</span> <span class='ocrx_word' id='word_1_143' title='bbox 1081 3368 1188 3440; x_wconf 82' lang='lat' dir='ltr'>potest</span> <span class='ocrx_word' id='word_1_144' title='bbox 1212 3367 1275 3425; x_wconf 90' lang='lat' dir='ltr'>nisi</span> <span class='ocrx_word' id='word_1_145' title='bbox 1299 3369 1421 3442; x_wconf 87' lang='lat' dir='ltr'>nuptiis</span> 
     </span>
     <span class='ocr_line' id='line_1_25' title="bbox 667 3479 1419 3553; baseline 0.001 -15"><span class='ocrx_word' id='word_1_146' title='bbox 667 3479 902 3553; x_wconf 87' lang='lat' dir='ltr'>contrahendis,</span> <span class='ocrx_word' id='word_1_147' title='bbox 925 3495 1007 3551; x_wconf 88' lang='lat' dir='ltr'>quae</span> <span class='ocrx_word' id='word_1_148' title='bbox 1023 3495 1076 3538; x_wconf 88' lang='lat' dir='ltr'>res</span> <span class='ocrx_word' id='word_1_149' title='bbox 1088 3480 1230 3538; x_wconf 89' lang='lat' dir='ltr'>multum</span> <span class='ocrx_word' id='word_1_150' title='bbox 1243 3480 1340 3539; x_wconf 85' lang='lat' dir='ltr'>habet</span> <span class='ocrx_word' id='word_1_151' title='bbox 1352 3497 1419 3540; x_wconf 91' lang='lat' dir='ltr'>rno-</span> 
     </span>
     <span class='ocr_line' id='line_1_26' title="bbox 665 3593 1421 3667; baseline 0.003 -16"><span class='ocrx_word' id='word_1_152' title='bbox 665 3593 778 3652; x_wconf 87' lang='lat' dir='ltr'>lestiae</span> <span class='ocrx_word' id='word_1_153' title='bbox 809 3595 938 3667; x_wconf 87' lang='lat' dir='ltr'>propter</span> <span class='ocrx_word' id='word_1_154' title='bbox 968 3593 1056 3666; x_wconf 86' lang='lat' dir='ltr'>leges</span> <span class='ocrx_word' id='word_1_155' title='bbox 1088 3593 1307 3666; x_wconf 82' lang='lat' dir='ltr'>formulasque</span> <span class='ocrx_word' id='word_1_156' title='bbox 1337 3609 1421 3666; x_wconf 90' lang='lat' dir='ltr'>quae</span> 
     </span>
     <span class='ocr_line' id='line_1_27' title="bbox 666 3705 1058 3776; baseline 0.003 -12"><span class='ocrx_word' id='word_1_157' title='bbox 666 3708 743 3765; x_wconf 89' lang='lat' dir='ltr'>sunt</span> <span class='ocrx_word' id='word_1_158' title='bbox 766 3705 985 3765; x_wconf 88' lang='lat' dir='ltr'>observandae</span> <span class='ocrx_word' id='word_1_159' title='bbox 999 3708 1016 3776; x_wconf 79' lang='lat' dir='ltr'>(l</span> <span class='ocrx_word' id='word_1_160' title='bbox 1029 3708 1058 3775; x_wconf 80' lang='lat' dir='ltr'>l).</span> 
     </span>
    </p>

    <p class='ocr_par' dir='ltr' id='par_1_15' title="bbox 242 3820 1420 4236">
     <span class='ocr_line' id='line_1_28' title="bbox 242 3820 1420 3896; baseline 0.001 -17"><span class='ocrx_word' id='word_1_161' title='bbox 242 3822 371 3880; x_wconf 88' lang='lat' dir='ltr'>Phorm.</span> <span class='ocrx_word' id='word_1_162' title='bbox 419 3821 458 3896; x_wconf 89' lang='grc' dir='ltr'>ΙΙ,</span> <span class='ocrx_word' id='word_1_163' title='bbox 487 3822 513 3895; x_wconf 89' lang='grc'>1,</span> <span class='ocrx_word' id='word_1_164' title='bbox 540 3821 579 3879; x_wconf 82' lang='lat'>57</span> <span class='ocrx_word' id='word_1_165' title='bbox 625 3821 834 3879; x_wconf 89' lang='lat' dir='ltr'>columen:</span> <span class='ocrx_word' id='word_1_166' title='bbox 867 3821 1017 3879; x_wconf 89' lang='lat' dir='ltr'>columna</span> <span class='ocrx_word' id='word_1_167' title='bbox 1048 3821 1131 3878; x_wconf 89' lang='lat' dir='ltr'>unde</span> <span class='ocrx_word' id='word_1_168' title='bbox 1165 3824 1197 3879; x_wconf 89' lang='lat' dir='ltr'>et</span> <span class='ocrx_word' id='word_1_169' title='bbox 1228 3820 1420 3880; x_wconf 86' lang='lat' dir='ltr'>columellae</span> 
     </span>
     <span class='ocr_line' id='line_1_29' title="bbox 663 3934 1035 3993; baseline 0.003 -1"><span class='ocrx_word' id='word_1_170' title='bbox 663 3935 750 3993; x_wconf 79' lang='lat' dir='ltr'>servi</span> <span class='ocrx_word' id='word_1_171' title='bbox 773 3935 913 3993; x_wconf 90' lang='lat' dir='ltr'>maiores</span> <span class='ocrx_word' id='word_1_172' title='bbox 938 3934 1035 3993; x_wconf 89' lang='lat' dir='ltr'>domi.</span> 
     </span>
     <span class='ocr_line' id='line_1_30' title="bbox 408 4046 1004 4125; baseline 0 -19"><span class='ocrx_word' id='word_1_173' title='bbox 408 4046 830 4125; x_wconf 78' lang='lat' dir='ltr'>lV,4,28sq.hariolus:</span> <span class='ocrx_word' id='word_1_174' title='bbox 856 4063 875 4106; x_wconf 94' lang='lat' dir='ltr'>a</span> <span class='ocrx_word' id='word_1_175' title='bbox 898 4048 1004 4107; x_wconf 84' lang='lat' dir='ltr'>sande.</span> 
     </span>
     <span class='ocr_line' id='line_1_31' title="bbox 618 4162 1027 4236; baseline 0.002 -17"><span class='ocrx_word' id='word_1_176' title='bbox 618 4162 850 4236; x_wconf 82' lang='lat' dir='ltr'>haruspex:</span> <span class='ocrx_word' id='word_1_177' title='bbox 876 4162 915 4220; x_wconf 90' lang='lat' dir='ltr'>ab</span> <span class='ocrx_word' id='word_1_178' title='bbox 939 4162 1027 4220; x_wconf 91' lang='lat' dir='ltr'>hara.</span> 
     </span>
    </p>
   </div>
   <div class='ocr_carea' id='block_1_3' title="bbox 416 4276 1414 4577">
    <p class='ocr_par' dir='ltr' id='par_1_16' title="bbox 416 4276 1414 4577">
     <span class='ocr_line' id='line_1_32' title="bbox 416 4276 1079 4353; baseline 0.003 -19"><span class='ocrx_word' id='word_1_179' title='bbox 416 4277 453 4353; x_wconf 94' lang='lat' dir='ltr'>V,</span> <span class='ocrx_word' id='word_1_180' title='bbox 482 4277 509 4352; x_wconf 87' lang='lat'>1,</span> <span class='ocrx_word' id='word_1_181' title='bbox 537 4277 576 4335; x_wconf 84' lang='lat'>19</span> <span class='ocrx_word' id='word_1_182' title='bbox 620 4277 815 4336; x_wconf 84' lang='lat' dir='ltr'>effutire:</span> <span class='ocrx_word' id='word_1_183' title='bbox 841 4292 860 4335; x_wconf 91' lang='lat' dir='ltr'>a</span> <span class='ocrx_word' id='word_1_184' title='bbox 883 4292 961 4336; x_wconf 86' lang='lat' dir='ltr'>vase</span> <span class='ocrx_word' id='word_1_185' title='bbox 984 4276 1079 4336; x_wconf 86' lang='lat' dir='ltr'>futili.</span> 
     </span>
     <span class='ocr_line' id='line_1_33' title="bbox 416 4390 1414 4464; baseline 0.002 -16"><span class='ocrx_word' id='word_1_186' title='bbox 416 4390 453 4464; x_wconf 94' lang='lat' dir='ltr'>V,</span> <span class='ocrx_word' id='word_1_187' title='bbox 481 4391 509 4464; x_wconf 87' lang='lat'>8,</span> <span class='ocrx_word' id='word_1_188' title='bbox 536 4391 577 4449; x_wconf 78' lang='lat'>95</span> <span class='ocrx_word' id='word_1_189' title='bbox 620 4406 780 4464; x_wconf 86' lang='lat' dir='ltr'>pugnos</span> <span class='ocrx_word' id='word_1_190' title='bbox 823 4391 863 4448; x_wconf 91' lang='lat' dir='ltr'>in</span> <span class='ocrx_word' id='word_1_191' title='bbox 902 4392 1094 4450; x_wconf 88' lang='lat' dir='ltr'>ventrem</span> <span class='ocrx_word' id='word_1_192' title='bbox 1125 4390 1288 4464; x_wconf 86' lang='lat' dir='ltr'>ingere:</span> <span class='ocrx_word' id='word_1_193' title='bbox 1324 4407 1414 4450; x_wconf 90' lang='lat' dir='ltr'>ven-</span> 
     </span>
     <span class='ocr_line' id='line_1_34' title="bbox 661 4503 1112 4577; baseline 0 -15"><span class='ocrx_word' id='word_1_194' title='bbox 661 4505 768 4562; x_wconf 89' lang='lat' dir='ltr'>trem</span> <span class='ocrx_word' id='word_1_195' title='bbox 791 4520 848 4576; x_wconf 92' lang='lat' dir='ltr'>pro</span> <span class='ocrx_word' id='word_1_196' title='bbox 868 4503 937 4577; x_wconf 90' lang='lat' dir='ltr'>ipso</span> <span class='ocrx_word' id='word_1_197' title='bbox 961 4503 1112 4577; x_wconf 87' lang='lat' dir='ltr'>parasito.</span> 
     </span>
    </p>
   </div>
   <div class='ocr_carea' id='block_1_4' title="bbox 0 0 1620 5260">
    <p class='ocr_par' dir='ltr' id='par_1_17' title="bbox 0 0 1620 5260">
     <span class='ocr_line' id='line_1_35' title="bbox 0 0 1620 5260; baseline 0 3"><span class='ocrx_word' id='word_1_198' title='bbox 0 0 1620 5260; x_wconf 95' lang='lat' dir='ltr'> </span> 
     </span>
    </p>
   </div>
  </div>
 </body>
</html>
