<?xml version="1.0" encoding="UTF-8"?>
<!DOCTYPE html PUBLIC "-//W3C//DTD XHTML 1.0 Transitional//EN"
    "http://www.w3.org/TR/xhtml1/DTD/xhtml1-transitional.dtd">
<html xmlns="http://www.w3.org/1999/xhtml" xml:lang="en" lang="en">
 <head>
  <title>
</title>
<meta http-equiv="Content-Type" content="text/html;charset=utf-8" />
  <meta name='ocr-system' content='tesseract 3.04.00' />
  <meta name='ocr-capabilities' content='ocr_page ocr_carea ocr_par ocr_line ocrx_word'/>
</head>
<body>
  <div class='ocr_page' id='page_1' title='image "./deterentioetdon00hartgoog_0238.png"; bbox 0 0 3234 5254; ppageno 0'>
   <div class='ocr_carea' id='block_1_1' title="bbox 736 681 798 739">
    <p class='ocr_par' dir='ltr' id='par_1_1' title="bbox 736 681 798 739">
     <span class='ocr_line' id='line_1_1' title="bbox 736 681 798 739; baseline 0.016 -1"><span class='ocrx_word' id='word_1_1' title='bbox 736 681 798 739; x_wconf 82' lang='lat'>223</span> 
     </span>
    </p>
   </div>
   <div class='ocr_carea' id='block_1_2' title="bbox 175 865 1361 4235">
    <p class='ocr_par' dir='ltr' id='par_1_2' title="bbox 175 865 1358 2186">
     <span class='ocr_line' id='line_1_2' title="bbox 223 865 1355 941; baseline -0.004 -14"><span class='ocrx_word' id='word_1_2' title='bbox 223 885 272 928; x_wconf 91' lang='grc' dir='ltr'>νε.</span> <span class='ocrx_word' id='word_1_3' title='bbox 298 870 349 928; x_wconf 82' lang='grc'>28.</span> <span class='ocrx_word' id='word_1_4' title='bbox 372 869 477 928; x_wconf 82' lang='lat' dir='ltr'>Senex</span> <span class='ocrx_word' id='word_1_5' title='bbox 497 867 639 941; x_wconf 82' lang='lat' dir='ltr'>graviter</span> <span class='ocrx_word' id='word_1_6' title='bbox 659 867 842 926; x_wconf 87' lang='lat' dir='ltr'>commotus</span> <span class='ocrx_word' id='word_1_7' title='bbox 862 866 921 940; x_wconf 89' lang='lat' dir='ltr'>est,</span> <span class='ocrx_word' id='word_1_8' title='bbox 943 866 1097 939; x_wconf 72' lang='lat' dir='ltr'>trepidus</span> <span class='ocrx_word' id='word_1_9' title='bbox 1118 865 1245 924; x_wconf 82' lang='lat' dir='ltr'>anxius.</span> <span class='ocrx_word' id='word_1_10' title='bbox 1259 865 1355 924; x_wconf 90' lang='lat' dir='ltr'>Hunc</span> 
     </span>
     <span class='ocr_line' id='line_1_3' title="bbox 175 978 1354 1054; baseline -0.003 -13"><span class='ocrx_word' id='word_1_11' title='bbox 175 982 282 1041; x_wconf 89' lang='lat' dir='ltr'>animi</span> <span class='ocrx_word' id='word_1_12' title='bbox 312 983 437 1040; x_wconf 89' lang='lat' dir='ltr'>statum</span> <span class='ocrx_word' id='word_1_13' title='bbox 469 995 608 1054; x_wconf 84' lang='lat' dir='ltr'>agnosco</span> <span class='ocrx_word' id='word_1_14' title='bbox 638 980 780 1053; x_wconf 89' lang='lat' dir='ltr'>primum</span> <span class='ocrx_word' id='word_1_15' title='bbox 808 979 842 1039; x_wconf 92' lang='lat' dir='ltr'>in</span> <span class='ocrx_word' id='word_1_16' title='bbox 865 979 972 1038; x_wconf 89' lang='lat' dir='ltr'>verbis</span> <span class='ocrx_word' id='word_1_17' title='bbox 996 979 1082 1038; x_wconf 89' lang='lat' dir='ltr'>ista</span> <span class='ocrx_word' id='word_1_18' title='bbox 1105 979 1288 1053; x_wconf 86' lang='lat' dir='ltr'>auferte,</span> <span class='ocrx_word' id='word_1_19' title='bbox 1314 978 1354 1036; x_wconf 90' lang='lat' dir='ltr'>ad</span> 
     </span>
     <span class='ocr_line' id='line_1_4' title="bbox 175 1091 1355 1168; baseline -0.003 -14"><span class='ocrx_word' id='word_1_20' title='bbox 175 1111 262 1168; x_wconf 89' lang='lat' dir='ltr'>quae</span> <span class='ocrx_word' id='word_1_21' title='bbox 298 1094 479 1154; x_wconf 78' lang='lat' dir='ltr'>Scholiasta</span> <span class='ocrx_word' id='word_1_22' title='bbox 513 1095 664 1153; x_wconf 88' lang='lat' dir='ltr'>annotat:</span> <span class='ocrx_word' id='word_1_23' title='bbox 704 1093 902 1167; x_wconf 80' lang='lat' dir='ltr'>„auferimus</span> <span class='ocrx_word' id='word_1_24' title='bbox 937 1107 975 1152; x_wconf 89' lang='lat' dir='ltr'>ea</span> <span class='ocrx_word' id='word_1_25' title='bbox 1006 1108 1087 1165; x_wconf 90' lang='lat' dir='ltr'>quae</span> <span class='ocrx_word' id='word_1_26' title='bbox 1119 1107 1193 1151; x_wconf 91' lang='lat' dir='ltr'>cum</span> <span class='ocrx_word' id='word_1_27' title='bbox 1224 1091 1355 1151; x_wconf 84' lang='lat' dir='ltr'>fastidio</span> 
     </span>
     <span class='ocr_line' id='line_1_5' title="bbox 176 1203 1356 1281; baseline -0.003 -15"><span class='ocrx_word' id='word_1_28' title='bbox 176 1208 376 1267; x_wconf 83' lang='lat' dir='ltr'>cernimus&#39;&#39;</span> <span class='ocrx_word' id='word_1_29' title='bbox 401 1207 454 1266; x_wconf 93' lang='lat' dir='ltr'>Sic</span> <span class='ocrx_word' id='word_1_30' title='bbox 477 1223 552 1281; x_wconf 81' lang='lat' dir='ltr'>ergo</span> <span class='ocrx_word' id='word_1_31' title='bbox 575 1208 604 1266; x_wconf 89' lang='lat' dir='ltr'>is</span> <span class='ocrx_word' id='word_1_32' title='bbox 623 1206 774 1280; x_wconf 90' lang='lat' dir='ltr'>loquitur,</span> <span class='ocrx_word' id='word_1_33' title='bbox 800 1207 854 1279; x_wconf 91' lang='lat' dir='ltr'>qui</span> <span class='ocrx_word' id='word_1_34' title='bbox 877 1221 921 1281; x_wconf 92' lang='lat' dir='ltr'>re,</span> <span class='ocrx_word' id='word_1_35' title='bbox 943 1221 1041 1279; x_wconf 90' lang='lat' dir='ltr'>quam</span> <span class='ocrx_word' id='word_1_36' title='bbox 1062 1220 1136 1264; x_wconf 92' lang='lat' dir='ltr'>cum</span> <span class='ocrx_word' id='word_1_37' title='bbox 1156 1205 1301 1264; x_wconf 80' lang='lat' dir='ltr'><strong>maxime</strong></span> <span class='ocrx_word' id='word_1_38' title='bbox 1322 1203 1356 1262; x_wconf 91' lang='lat' dir='ltr'>in</span> 
     </span>
     <span class='ocr_line' id='line_1_6' title="bbox 175 1319 1356 1396; baseline -0.003 -16"><span class='ocrx_word' id='word_1_39' title='bbox 175 1321 331 1380; x_wconf 88' lang='lat' dir='ltr'>manibus</span> <span class='ocrx_word' id='word_1_40' title='bbox 365 1321 471 1396; x_wconf 86' lang='lat' dir='ltr'>hebet,</span> <span class='ocrx_word' id='word_1_41' title='bbox 508 1321 700 1393; x_wconf 87' lang='lat' dir='ltr'>quantocius</span> <span class='ocrx_word' id='word_1_42' title='bbox 734 1319 864 1393; x_wconf 85' lang='lat' dir='ltr'>defungi</span> <span class='ocrx_word' id='word_1_43' title='bbox 895 1320 994 1394; x_wconf 86' lang='lat' dir='ltr'>gestit</span> <span class='ocrx_word' id='word_1_44' title='bbox 1025 1321 1058 1378; x_wconf 89' lang='lat' dir='ltr'>et</span> <span class='ocrx_word' id='word_1_45' title='bbox 1088 1319 1128 1378; x_wconf 89' lang='lat' dir='ltr'>ad</span> <span class='ocrx_word' id='word_1_46' title='bbox 1159 1319 1267 1392; x_wconf 89' lang='lat' dir='ltr'>aliam,</span> <span class='ocrx_word' id='word_1_47' title='bbox 1293 1332 1356 1390; x_wconf 88' lang='lat' dir='ltr'>qua</span> 
     </span>
     <span class='ocr_line' id='line_1_7' title="bbox 176 1431 1354 1510; baseline -0.003 -17"><span class='ocrx_word' id='word_1_48' title='bbox 176 1437 328 1510; x_wconf 83' lang='lat' dir='ltr'>vexatur,</span> <span class='ocrx_word' id='word_1_49' title='bbox 354 1437 541 1494; x_wconf 82' lang='lat' dir='ltr'>convertere</span> <span class='ocrx_word' id='word_1_50' title='bbox 564 1436 720 1493; x_wconf 79' lang='lat' dir='ltr'>mentem.</span> <span class='ocrx_word' id='word_1_51' title='bbox 744 1433 865 1492; x_wconf 86' lang='lat' dir='ltr'>Deinde</span> <span class='ocrx_word' id='word_1_52' title='bbox 888 1434 988 1492; x_wconf 89' lang='lat' dir='ltr'>etiam</span> <span class='ocrx_word' id='word_1_53' title='bbox 1013 1433 1046 1492; x_wconf 91' lang='lat' dir='ltr'>in</span> <span class='ocrx_word' id='word_1_54' title='bbox 1068 1432 1224 1492; x_wconf 88' lang='lat' dir='ltr'>vocabulo</span> <span class='ocrx_word' id='word_1_55' title='bbox 1245 1431 1354 1490; x_wconf 89' lang='lat' dir='ltr'>ades-</span> 
     </span>
     <span class='ocr_line' id='line_1_8' title="bbox 178 1545 1357 1624; baseline -0.004 -16"><span class='ocrx_word' id='word_1_56' title='bbox 178 1549 290 1624; x_wconf 88' lang='lat' dir='ltr'><strong>dum,</strong></span> <span class='ocrx_word' id='word_1_57' title='bbox 323 1549 405 1622; x_wconf 93' lang='lat' dir='ltr'>quod</span> <span class='ocrx_word' id='word_1_58' title='bbox 437 1548 586 1621; x_wconf 88' lang='lat' dir='ltr'>equidem</span> <span class='ocrx_word' id='word_1_59' title='bbox 613 1547 666 1606; x_wconf 94' lang='lat' dir='ltr'>hic</span> <span class='ocrx_word' id='word_1_60' title='bbox 689 1549 775 1606; x_wconf 89' lang='lat' dir='ltr'>certe</span> <span class='ocrx_word' id='word_1_61' title='bbox 799 1547 981 1605; x_wconf 88' lang='lat' dir='ltr'>revocantis</span> <span class='ocrx_word' id='word_1_62' title='bbox 1006 1561 1077 1606; x_wconf 90' lang='lat' dir='ltr'>esse</span> <span class='ocrx_word' id='word_1_63' title='bbox 1101 1561 1225 1620; x_wconf 91' lang='lat' dir='ltr'>censeo,</span> <span class='ocrx_word' id='word_1_64' title='bbox 1251 1545 1357 1604; x_wconf 90' lang='lat' dir='ltr'>itaut</span> 
     </span>
     <span class='ocr_line' id='line_1_9' title="bbox 178 1644 1355 1735; baseline -0.002 -15"><span class='ocrx_word' id='word_1_65' title='bbox 178 1678 282 1722; x_wconf 84' lang='lat' dir='ltr'>senex</span> <span class='ocrx_word' id='word_1_66' title='bbox 305 1661 447 1735; x_wconf 89' lang='lat' dir='ltr'>primum</span> <span class='ocrx_word' id='word_1_67' title='bbox 467 1644 581 1720; x_wconf 88' lang='lat' dir='ltr'>omnes</span> <span class='ocrx_word' id='word_1_68' title='bbox 602 1660 738 1719; x_wconf 80' lang='lat' dir='ltr'>comites</span> <span class='ocrx_word' id='word_1_69' title='bbox 758 1675 835 1719; x_wconf 87' lang='lat' dir='ltr'>suos</span> <span class='ocrx_word' id='word_1_70' title='bbox 856 1659 990 1734; x_wconf 84' lang='lat' dir='ltr'>ableget,</span> <span class='ocrx_word' id='word_1_71' title='bbox 1013 1660 1101 1718; x_wconf 88' lang='lat' dir='ltr'>solus</span> <span class='ocrx_word' id='word_1_72' title='bbox 1122 1675 1193 1719; x_wconf 91' lang='lat' dir='ltr'>esse</span> <span class='ocrx_word' id='word_1_73' title='bbox 1214 1659 1355 1734; x_wconf 70' lang='lat' dir='ltr'>cupiens</span> 
     </span>
     <span class='ocr_line' id='line_1_10' title="bbox 179 1767 1355 1847; baseline -0.004 -12"><span class='ocrx_word' id='word_1_74' title='bbox 179 1777 295 1835; x_wconf 92' lang='lat' dir='ltr'>deinde</span> <span class='ocrx_word' id='word_1_75' title='bbox 330 1776 477 1834; x_wconf 87' lang='lat' dir='ltr'>animum</span> <span class='ocrx_word' id='word_1_76' title='bbox 511 1777 618 1834; x_wconf 91' lang='lat' dir='ltr'>mutet</span> <span class='ocrx_word' id='word_1_77' title='bbox 653 1773 924 1847; x_wconf 84' lang='lat' dir='ltr'>consiliorumque</span> <span class='ocrx_word' id='word_1_78' title='bbox 939 1767 959 1844; x_wconf 83' lang='lat'>¹)</span> <span class='ocrx_word' id='word_1_79' title='bbox 992 1774 1053 1833; x_wconf 89' lang='lat' dir='ltr'>sibi</span> <span class='ocrx_word' id='word_1_80' title='bbox 1083 1776 1194 1833; x_wconf 90' lang='lat' dir='ltr'>sumat</span> <span class='ocrx_word' id='word_1_81' title='bbox 1221 1773 1355 1833; x_wconf 85' lang='lat' dir='ltr'>socium.</span> 
     </span>
     <span class='ocr_line' id='line_1_11' title="bbox 180 1875 1357 1962; baseline -0.005 -13"><span class='ocrx_word' id='word_1_82' title='bbox 180 1890 347 1949; x_wconf 87' lang='lat' dir='ltr'>Eiusmodi</span> <span class='ocrx_word' id='word_1_83' title='bbox 371 1888 492 1962; x_wconf 88' lang='lat' dir='ltr'>aliquid</span> <span class='ocrx_word' id='word_1_84' title='bbox 516 1891 548 1948; x_wconf 92' lang='lat' dir='ltr'>et</span> <span class='ocrx_word' id='word_1_85' title='bbox 572 1888 753 1947; x_wconf 79' lang='lat' dir='ltr'>Scholiasta</span> <span class='ocrx_word' id='word_1_86' title='bbox 775 1888 918 1947; x_wconf 84' lang='lat' dir='ltr'>sensisse</span> <span class='ocrx_word' id='word_1_87' title='bbox 941 1875 1078 1962; x_wconf 82' lang='lat' dir='ltr'>videtur,</span> <span class='ocrx_word' id='word_1_88' title='bbox 1104 1887 1159 1961; x_wconf 91' lang='lat' dir='ltr'>qui</span> <span class='ocrx_word' id='word_1_89' title='bbox 1182 1887 1221 1946; x_wconf 91' lang='lat' dir='ltr'>ad</span> <span class='ocrx_word' id='word_1_90' title='bbox 1242 1886 1357 1946; x_wconf 85' lang='lat' dir='ltr'>abite</span> 
     </span>
     <span class='ocr_line' id='line_1_12' title="bbox 181 2001 1358 2078; baseline -0.003 -16"><span class='ocrx_word' id='word_1_91' title='bbox 181 2004 333 2062; x_wconf 88' lang='lat' dir='ltr'>annotat:</span> <span class='ocrx_word' id='word_1_92' title='bbox 362 2003 574 2078; x_wconf 82' lang='lat' dir='ltr'>„concitatius</span> <span class='ocrx_word' id='word_1_93' title='bbox 593 2002 776 2075; x_wconf 81' lang='lat' dir='ltr'>legendum,</span> <span class='ocrx_word' id='word_1_94' title='bbox 799 2001 873 2073; x_wconf 87' lang='lat' dir='ltr'>quia</span> <span class='ocrx_word' id='word_1_95' title='bbox 893 2001 927 2060; x_wconf 84' lang='lat' dir='ltr'>et</span> <span class='ocrx_word' id='word_1_96' title='bbox 945 2003 1166 2073; x_wconf 85' lang='lat' dir='ltr'>respectantes</span> <span class='ocrx_word' id='word_1_97' title='bbox 1186 2001 1358 2075; x_wconf 87' lang='lat' dir='ltr'>properant</span> 
     </span>
     <span class='ocr_line' id='line_1_13' title="bbox 181 2109 605 2186; baseline 0 -11"><span class='ocrx_word' id='word_1_98' title='bbox 181 2119 215 2176; x_wconf 91' lang='lat' dir='ltr'>et</span> <span class='ocrx_word' id='word_1_99' title='bbox 238 2118 378 2177; x_wconf 85' lang='lat' dir='ltr'>secernit</span> <span class='ocrx_word' id='word_1_100' title='bbox 401 2133 420 2176; x_wconf 88' lang='lat' dir='ltr'>a</span> <span class='ocrx_word' id='word_1_101' title='bbox 444 2117 568 2177; x_wconf 87' lang='lat' dir='ltr'>Sosia.’&#39;</span> <span class='ocrx_word' id='word_1_102' title='bbox 584 2109 605 2186; x_wconf 84' lang='lat'>²)</span> 
     </span>
    </p>

    <p class='ocr_par' dir='ltr' id='par_1_3' title="bbox 181 2227 1359 2874">
     <span class='ocr_line' id='line_1_14' title="bbox 227 2227 1357 2302; baseline -0.004 -12"><span class='ocrx_word' id='word_1_103' title='bbox 227 2231 309 2290; x_wconf 92' lang='lat' dir='ltr'>Illud</span> <span class='ocrx_word' id='word_1_104' title='bbox 345 2234 403 2301; x_wconf 88' lang='lat' dir='ltr'>(vs.</span> <span class='ocrx_word' id='word_1_105' title='bbox 441 2232 493 2302; x_wconf 81' lang='lat'>29)</span> <span class='ocrx_word' id='word_1_106' title='bbox 529 2231 689 2289; x_wconf 91' lang='lat' dir='ltr'>dictum</span> <span class='ocrx_word' id='word_1_107' title='bbox 723 2230 824 2302; x_wconf 89' lang='lat' dir='ltr'>puta</span> <span class='ocrx_word' id='word_1_108' title='bbox 857 2227 1001 2287; x_wconf 87' lang='lat' dir='ltr'>iocosam</span> <span class='ocrx_word' id='word_1_109' title='bbox 1032 2227 1130 2287; x_wconf 88' lang='lat' dir='ltr'>habet</span> <span class='ocrx_word' id='word_1_110' title='bbox 1161 2228 1357 2302; x_wconf 83' lang='lat' dir='ltr'>gravitatem</span> 
     </span>
     <span class='ocr_line' id='line_1_15' title="bbox 181 2341 1358 2419; baseline -0.002 -17"><span class='ocrx_word' id='word_1_111' title='bbox 181 2344 297 2419; x_wconf 86' lang='lat' dir='ltr'>liberti,</span> <span class='ocrx_word' id='word_1_112' title='bbox 323 2345 377 2417; x_wconf 91' lang='lat' dir='ltr'>qui</span> <span class='ocrx_word' id='word_1_113' title='bbox 401 2344 456 2402; x_wconf 89' lang='lat' dir='ltr'>diu</span> <span class='ocrx_word' id='word_1_114' title='bbox 478 2343 512 2402; x_wconf 92' lang='lat' dir='ltr'>in</span> <span class='ocrx_word' id='word_1_115' title='bbox 535 2344 648 2403; x_wconf 89' lang='lat' dir='ltr'>eadem</span> <span class='ocrx_word' id='word_1_116' title='bbox 672 2343 768 2401; x_wconf 92' lang='lat' dir='ltr'>domo</span> <span class='ocrx_word' id='word_1_117' title='bbox 787 2341 945 2417; x_wconf 85' lang='lat' dir='ltr'>servierit,</span> <span class='ocrx_word' id='word_1_118' title='bbox 967 2357 1064 2414; x_wconf 91' lang='lat' dir='ltr'>quem</span> <span class='ocrx_word' id='word_1_119' title='bbox 1085 2341 1258 2401; x_wconf 90' lang='lat' dir='ltr'>admonere</span> <span class='ocrx_word' id='word_1_120' title='bbox 1278 2357 1358 2415; x_wconf 90' lang='lat' dir='ltr'>opus</span> 
     </span>
     <span class='ocr_line' id='line_1_16' title="bbox 181 2454 1359 2532; baseline -0.003 -17"><span class='ocrx_word' id='word_1_121' title='bbox 181 2473 247 2516; x_wconf 91' lang='lat' dir='ltr'>non</span> <span class='ocrx_word' id='word_1_122' title='bbox 277 2457 330 2532; x_wconf 89' lang='lat' dir='ltr'>sit,</span> <span class='ocrx_word' id='word_1_123' title='bbox 363 2457 418 2530; x_wconf 92' lang='lat' dir='ltr'>qui</span> <span class='ocrx_word' id='word_1_124' title='bbox 442 2457 524 2516; x_wconf 92' lang='lat' dir='ltr'>sciat</span> <span class='ocrx_word' id='word_1_125' title='bbox 548 2457 622 2530; x_wconf 93' lang='lat' dir='ltr'>quid</span> <span class='ocrx_word' id='word_1_126' title='bbox 646 2457 696 2515; x_wconf 91' lang='lat' dir='ltr'>sui</span> <span class='ocrx_word' id='word_1_127' title='bbox 721 2457 765 2515; x_wconf 91' lang='lat' dir='ltr'>sit</span> <span class='ocrx_word' id='word_1_128' title='bbox 788 2455 883 2514; x_wconf 86' lang='lat' dir='ltr'>officii</span> <span class='ocrx_word' id='word_1_129' title='bbox 907 2457 939 2514; x_wconf 93' lang='lat' dir='ltr'>et</span> <span class='ocrx_word' id='word_1_130' title='bbox 962 2455 1040 2514; x_wconf 92' lang='lat' dir='ltr'>illud</span> <span class='ocrx_word' id='word_1_131' title='bbox 1064 2470 1122 2514; x_wconf 91' lang='lat' dir='ltr'>suo</span> <span class='ocrx_word' id='word_1_132' title='bbox 1146 2457 1292 2529; x_wconf 91' lang='lat' dir='ltr'>tempore</span> <span class='ocrx_word' id='word_1_133' title='bbox 1315 2454 1359 2513; x_wconf 88' lang='lat' dir='ltr'>sit</span> 
     </span>
     <span class='ocr_line' id='line_1_17' title="bbox 182 2569 1357 2645; baseline -0.001 -17"><span class='ocrx_word' id='word_1_134' title='bbox 182 2571 337 2630; x_wconf 84' lang='lat' dir='ltr'>tacturus.</span> <span class='ocrx_word' id='word_1_135' title='bbox 376 2570 487 2643; x_wconf 87' lang='lat' dir='ltr'>Neque</span> <span class='ocrx_word' id='word_1_136' title='bbox 528 2570 766 2645; x_wconf 83' lang='lat' dir='ltr'>negligendum,</span> <span class='ocrx_word' id='word_1_137' title='bbox 810 2569 893 2642; x_wconf 91' lang='lat' dir='ltr'>quod</span> <span class='ocrx_word' id='word_1_138' title='bbox 928 2569 1042 2628; x_wconf 86' lang='lat' dir='ltr'>statim</span> <span class='ocrx_word' id='word_1_139' title='bbox 1076 2569 1230 2644; x_wconf 87' lang='lat' dir='ltr'>sequitur,</span> <span class='ocrx_word' id='word_1_140' title='bbox 1268 2584 1357 2628; x_wconf 86' lang='lat' dir='ltr'>voca-</span> 
     </span>
     <span class='ocr_line' id='line_1_18' title="bbox 182 2683 1359 2760; baseline -0.002 -17"><span class='ocrx_word' id='word_1_141' title='bbox 182 2684 295 2743; x_wconf 91' lang='lat' dir='ltr'>bulum</span> <span class='ocrx_word' id='word_1_142' title='bbox 330 2701 484 2760; x_wconf 85' lang='lat' dir='ltr'>nempe,</span> <span class='ocrx_word' id='word_1_143' title='bbox 521 2685 605 2758; x_wconf 89' lang='lat' dir='ltr'>quod</span> <span class='ocrx_word' id='word_1_144' title='bbox 641 2699 715 2743; x_wconf 93' lang='lat' dir='ltr'>cum</span> <span class='ocrx_word' id='word_1_145' title='bbox 746 2683 914 2742; x_wconf 88' lang='lat' dir='ltr'>lenissimo</span> <span class='ocrx_word' id='word_1_146' title='bbox 939 2683 1127 2756; x_wconf 89' lang='lat' dir='ltr'>contemptu</span> <span class='ocrx_word' id='word_1_147' title='bbox 1150 2683 1285 2742; x_wconf 88' lang='lat' dir='ltr'>ridentis</span> <span class='ocrx_word' id='word_1_148' title='bbox 1309 2684 1359 2742; x_wconf 90' lang='lat' dir='ltr'>est</span> 
     </span>
     <span class='ocr_line' id='line_1_19' title="bbox 184 2796 1313 2874; baseline -0.003 -17"><span class='ocrx_word' id='word_1_149' title='bbox 184 2798 283 2873; x_wconf 82' lang='lat' dir='ltr'>(„noli</span> <span class='ocrx_word' id='word_1_150' title='bbox 305 2799 431 2874; x_wconf 86' lang='lat' dir='ltr'>timere,</span> <span class='ocrx_word' id='word_1_151' title='bbox 457 2799 590 2858; x_wconf 91' lang='lat' dir='ltr'>obsonia</span> <span class='ocrx_word' id='word_1_152' title='bbox 614 2797 678 2857; x_wconf 87' lang='lat' dir='ltr'>ista</span> <span class='ocrx_word' id='word_1_153' title='bbox 701 2813 743 2856; x_wconf 84' lang='lat' dir='ltr'>ex</span> <span class='ocrx_word' id='word_1_154' title='bbox 766 2797 847 2856; x_wconf 78' lang='lat' dir='ltr'>&#39;artis</span> <span class='ocrx_word' id='word_1_155' title='bbox 870 2796 1050 2870; x_wconf 85' lang='lat' dir='ltr'>praeceptis</span> <span class='ocrx_word' id='word_1_156' title='bbox 1073 2796 1313 2870; x_wconf 86' lang='lat' dir='ltr'>parabuntur”).</span> 
     </span>
    </p>

    <p class='ocr_par' dir='ltr' id='par_1_4' title="bbox 184 2909 1359 3326">
     <span class='ocr_line' id='line_1_20' title="bbox 227 2909 1359 2986; baseline -0.001 -17"><span class='ocrx_word' id='word_1_157' title='bbox 227 2928 276 2971; x_wconf 86' lang='lat' dir='ltr'>vs.</span> <span class='ocrx_word' id='word_1_158' title='bbox 312 2913 364 2972; x_wconf 88' lang='lat'>30.</span> <span class='ocrx_word' id='word_1_159' title='bbox 401 2911 503 2986; x_wconf 75' lang='lat' dir='ltr'>Quid</span> <span class='ocrx_word' id='word_1_160' title='bbox 538 2913 603 2970; x_wconf 87' lang='lat' dir='ltr'>est</span> <span class='ocrx_word' id='word_1_161' title='bbox 637 2911 743 2984; x_wconf 93' lang='lat' dir='ltr'>quod</span> <span class='ocrx_word' id='word_1_162' title='bbox 777 2910 858 2969; x_wconf 85' lang='lat' dir='ltr'>tibi</span> <span class='ocrx_word' id='word_1_163' title='bbox 892 2925 982 2969; x_wconf 88' lang='lat' dir='ltr'>mea</span> <span class='ocrx_word' id='word_1_164' title='bbox 1016 2925 1083 2968; x_wconf 86' lang='lat' dir='ltr'>ars</span> <span class='ocrx_word' id='word_1_165' title='bbox 1114 2910 1189 2969; x_wconf 95' lang='lat' dir='ltr'>hoc</span> <span class='ocrx_word' id='word_1_166' title='bbox 1219 2909 1359 2983; x_wconf 91' lang='lat' dir='ltr'>possit</span> 
     </span>
     <span class='ocr_line' id='line_1_21' title="bbox 185 3023 1358 3100; baseline -0.002 -16"><span class='ocrx_word' id='word_1_167' title='bbox 185 3026 391 3100; x_wconf 86' lang='lat' dir='ltr'>amplius?</span> <span class='ocrx_word' id='word_1_168' title='bbox 420 3026 467 3086; x_wconf 93' lang='lat' dir='ltr'>De</span> <span class='ocrx_word' id='word_1_169' title='bbox 498 3028 567 3085; x_wconf 89' lang='lat' dir='ltr'>arte</span> <span class='ocrx_word' id='word_1_170' title='bbox 598 3041 657 3085; x_wconf 90' lang='lat' dir='ltr'>sua</span> <span class='ocrx_word' id='word_1_171' title='bbox 684 3024 910 3084; x_wconf 90' lang='lat' dir='ltr'>tantummodo</span> <span class='ocrx_word' id='word_1_172' title='bbox 935 3024 1055 3097; x_wconf 84' lang='lat' dir='ltr'>cogitat</span> <span class='ocrx_word' id='word_1_173' title='bbox 1078 3023 1205 3098; x_wconf 74' lang='lat' dir='ltr'>artifeX,</span> <span class='ocrx_word' id='word_1_174' title='bbox 1231 3025 1264 3082; x_wconf 86' lang='lat' dir='ltr'>et</span> <span class='ocrx_word' id='word_1_175' title='bbox 1287 3038 1358 3082; x_wconf 90' lang='lat' dir='ltr'>esse</span> 
     </span>
     <span class='ocr_line' id='line_1_22' title="bbox 184 3136 1359 3213; baseline -0.002 -15"><span class='ocrx_word' id='word_1_176' title='bbox 184 3141 310 3213; x_wconf 88' lang='lat' dir='ltr'>praeter</span> <span class='ocrx_word' id='word_1_177' title='bbox 332 3139 423 3199; x_wconf 89' lang='lat' dir='ltr'>illam</span> <span class='ocrx_word' id='word_1_178' title='bbox 447 3139 631 3213; x_wconf 86' lang='lat' dir='ltr'>quidquam,</span> <span class='ocrx_word' id='word_1_179' title='bbox 657 3138 740 3211; x_wconf 90' lang='lat' dir='ltr'>quod</span> <span class='ocrx_word' id='word_1_180' title='bbox 762 3138 874 3211; x_wconf 83' lang='lat' dir='ltr'>magni</span> <span class='ocrx_word' id='word_1_181' title='bbox 897 3137 941 3196; x_wconf 90' lang='lat' dir='ltr'>sit</span> <span class='ocrx_word' id='word_1_182' title='bbox 963 3137 1132 3212; x_wconf 89' lang='lat' dir='ltr'>momenti,</span> <span class='ocrx_word' id='word_1_183' title='bbox 1157 3136 1191 3196; x_wconf 94' lang='lat' dir='ltr'>in</span> <span class='ocrx_word' id='word_1_184' title='bbox 1213 3139 1359 3196; x_wconf 90' lang='lat' dir='ltr'>mentem</span> 
     </span>
     <span class='ocr_line' id='line_1_23' title="bbox 185 3252 552 3326; baseline 0 -14"><span class='ocrx_word' id='word_1_185' title='bbox 185 3253 215 3312; x_wconf 90' lang='lat' dir='ltr'>ei</span> <span class='ocrx_word' id='word_1_186' title='bbox 237 3269 277 3313; x_wconf 91' lang='lat' dir='ltr'>ne</span> <span class='ocrx_word' id='word_1_187' title='bbox 300 3252 391 3313; x_wconf 89' lang='lat' dir='ltr'>venit</span> <span class='ocrx_word' id='word_1_188' title='bbox 413 3252 552 3326; x_wconf 90' lang='lat' dir='ltr'>quidem.</span> 
     </span>
    </p>

    <p class='ocr_par' dir='ltr' id='par_1_5' title="bbox 179 3363 1361 3892">
     <span class='ocr_line' id='line_1_24' title="bbox 229 3363 1360 3439; baseline -0.001 -14"><span class='ocrx_word' id='word_1_189' title='bbox 229 3381 277 3425; x_wconf 90' lang='grc' dir='ltr'>νε.</span> <span class='ocrx_word' id='word_1_190' title='bbox 303 3367 354 3425; x_wconf 86' lang='grc'>34.</span> <span class='ocrx_word' id='word_1_191' title='bbox 387 3367 597 3439; x_wconf 85' lang='lat' dir='ltr'>Exspecto</span> <span class='ocrx_word' id='word_1_192' title='bbox 630 3365 726 3438; x_wconf 89' lang='lat' dir='ltr'>quid</span> <span class='ocrx_word' id='word_1_193' title='bbox 749 3363 862 3423; x_wconf 89' lang='lat' dir='ltr'>velis</span> <span class='ocrx_word' id='word_1_194' title='bbox 887 3363 1005 3438; x_wconf 89' lang='lat' dir='ltr'>duplici</span> <span class='ocrx_word' id='word_1_195' title='bbox 1028 3365 1136 3438; x_wconf 87' lang='lat' dir='ltr'>potest</span> <span class='ocrx_word' id='word_1_196' title='bbox 1158 3367 1360 3438; x_wconf 89' lang='lat' dir='ltr'>pronuntiari</span> 
     </span>
     <span class='ocr_line' id='line_1_25' title="bbox 185 3478 1360 3553; baseline 0.001 -16"><span class='ocrx_word' id='word_1_197' title='bbox 185 3480 297 3539; x_wconf 93' lang='lat' dir='ltr'>modo:</span> <span class='ocrx_word' id='word_1_198' title='bbox 331 3482 388 3539; x_wconf 87' lang='lat' dir='ltr'>aut</span> <span class='ocrx_word' id='word_1_199' title='bbox 418 3480 614 3553; x_wconf 82' lang='lat' dir='ltr'>gravitatem</span> <span class='ocrx_word' id='word_1_200' title='bbox 645 3479 738 3552; x_wconf 88' lang='lat' dir='ltr'>quasi</span> <span class='ocrx_word' id='word_1_201' title='bbox 769 3478 946 3537; x_wconf 86' lang='lat' dir='ltr'>militarem</span> <span class='ocrx_word' id='word_1_202' title='bbox 969 3478 1067 3536; x_wconf 86' lang='lat' dir='ltr'>habet</span> <span class='ocrx_word' id='word_1_203' title='bbox 1090 3479 1159 3538; x_wconf 89' lang='lat' dir='ltr'>eius</span> <span class='ocrx_word' id='word_1_204' title='bbox 1183 3479 1238 3552; x_wconf 90' lang='lat' dir='ltr'>qui</span> <span class='ocrx_word' id='word_1_205' title='bbox 1261 3495 1296 3538; x_wconf 88' lang='lat' dir='ltr'>se</span> <span class='ocrx_word' id='word_1_206' title='bbox 1320 3481 1360 3538; x_wconf 86' lang='lat' dir='ltr'>ed</span> 
     </span>
     <span class='ocr_line' id='line_1_26' title="bbox 186 3591 1361 3668; baseline 0.002 -18"><span class='ocrx_word' id='word_1_207' title='bbox 186 3592 359 3668; x_wconf 88' lang='lat' dir='ltr'>imperium</span> <span class='ocrx_word' id='word_1_208' title='bbox 383 3593 604 3666; x_wconf 89' lang='lat' dir='ltr'>accipiendum</span> <span class='ocrx_word' id='word_1_209' title='bbox 628 3594 778 3666; x_wconf 84' lang='lat' dir='ltr'>paratum</span> <span class='ocrx_word' id='word_1_210' title='bbox 802 3591 952 3667; x_wconf 86' lang='lat' dir='ltr'>declaret,</span> <span class='ocrx_word' id='word_1_211' title='bbox 975 3594 1031 3651; x_wconf 86' lang='lat' dir='ltr'>aut</span> <span class='ocrx_word' id='word_1_212' title='bbox 1050 3591 1102 3651; x_wconf 89' lang='lat' dir='ltr'>hic</span> <span class='ocrx_word' id='word_1_213' title='bbox 1122 3607 1247 3666; x_wconf 91' lang='lat' dir='ltr'>quoque</span> <span class='ocrx_word' id='word_1_214' title='bbox 1268 3593 1361 3666; x_wconf 91' lang='lat' dir='ltr'>coqui</span> 
     </span>
     <span class='ocr_line' id='line_1_27' title="bbox 179 3706 1360 3780; baseline 0.002 -16"><span class='ocrx_word' id='word_1_215' title='bbox 179 3706 290 3766; x_wconf 72' lang='lat' dir='ltr'>vfastus</span> <span class='ocrx_word' id='word_1_216' title='bbox 326 3707 467 3765; x_wconf 89' lang='lat' dir='ltr'>cernitur</span> <span class='ocrx_word' id='word_1_217' title='bbox 500 3706 663 3780; x_wconf 82' lang='lat' dir='ltr'>rogantis:</span> <span class='ocrx_word' id='word_1_218' title='bbox 702 3721 803 3780; x_wconf 82' lang='lat' dir='ltr'>„quae</span> <span class='ocrx_word' id='word_1_219' title='bbox 838 3720 910 3763; x_wconf 89' lang='lat' dir='ltr'>esse</span> <span class='ocrx_word' id='word_1_220' title='bbox 944 3707 1052 3778; x_wconf 86' lang='lat' dir='ltr'>potest</span> <span class='ocrx_word' id='word_1_221' title='bbox 1082 3707 1191 3779; x_wconf 81' lang='lat' dir='ltr'>gravis</span> <span class='ocrx_word' id='word_1_222' title='bbox 1221 3706 1285 3765; x_wconf 85' lang='lat' dir='ltr'>ista</span> <span class='ocrx_word' id='word_1_223' title='bbox 1308 3722 1360 3766; x_wconf 86' lang='lat' dir='ltr'>res</span> 
     </span>
     <span class='ocr_line' id='line_1_28' title="bbox 186 3817 948 3892; baseline -0.003 -14"><span class='ocrx_word' id='word_1_224' title='bbox 186 3834 267 3892; x_wconf 88' lang='lat' dir='ltr'>quae</span> <span class='ocrx_word' id='word_1_225' title='bbox 290 3822 403 3879; x_wconf 86' lang='lat' dir='ltr'>tamen</span> <span class='ocrx_word' id='word_1_226' title='bbox 426 3820 466 3878; x_wconf 88' lang='lat' dir='ltr'>ad</span> <span class='ocrx_word' id='word_1_227' title='bbox 490 3819 631 3878; x_wconf 90' lang='lat' dir='ltr'>culinam</span> <span class='ocrx_word' id='word_1_228' title='bbox 655 3833 720 3878; x_wconf 92' lang='lat' dir='ltr'>non</span> <span class='ocrx_word' id='word_1_229' title='bbox 743 3817 948 3892; x_wconf 86' lang='lat' dir='ltr'>pertineat?”</span> 
     </span>
    </p>

    <p class='ocr_par' dir='ltr' id='par_1_6' title="bbox 186 3931 1360 4235">
     <span class='ocr_line' id='line_1_29' title="bbox 230 3931 1360 4006; baseline 0 -15"><span class='ocrx_word' id='word_1_230' title='bbox 230 3948 278 3991; x_wconf 89' lang='grc' dir='ltr'>νε.</span> <span class='ocrx_word' id='word_1_231' title='bbox 315 3934 367 3992; x_wconf 81' lang='grc'>35.</span> <span class='ocrx_word' id='word_1_232' title='bbox 403 3931 485 3992; x_wconf 73' lang='lat' dir='ltr'>(lum</span> <span class='ocrx_word' id='word_1_233' title='bbox 520 3933 627 4006; x_wconf 86' lang='lat' dir='ltr'>aliqua</span> <span class='ocrx_word' id='word_1_234' title='bbox 661 3932 821 4006; x_wconf 84' lang='lat' dir='ltr'>gravitate</span> <span class='ocrx_word' id='word_1_235' title='bbox 852 3931 992 3990; x_wconf 88' lang='lat' dir='ltr'>oratoria</span> <span class='ocrx_word' id='word_1_236' title='bbox 1015 3931 1243 3992; x_wconf 86' lang='lat' dir='ltr'>allocutionem</span> <span class='ocrx_word' id='word_1_237' title='bbox 1265 3948 1360 3992; x_wconf 90' lang='lat' dir='ltr'>suam</span> 
     </span>
     <span class='ocr_line' id='line_1_30' title="bbox 187 4044 1360 4122; baseline 0 -16"><span class='ocrx_word' id='word_1_238' title='bbox 187 4046 309 4106; x_wconf 89' lang='lat' dir='ltr'>orditur</span> <span class='ocrx_word' id='word_1_239' title='bbox 332 4062 442 4122; x_wconf 84' lang='lat' dir='ltr'>senex,</span> <span class='ocrx_word' id='word_1_240' title='bbox 464 4062 527 4120; x_wconf 89' lang='lat' dir='ltr'>qua</span> <span class='ocrx_word' id='word_1_241' title='bbox 546 4062 643 4106; x_wconf 90' lang='lat' dir='ltr'>suum</span> <span class='ocrx_word' id='word_1_242' title='bbox 664 4046 835 4106; x_wconf 92' lang='lat' dir='ltr'>consilium</span> <span class='ocrx_word' id='word_1_243' title='bbox 856 4046 925 4104; x_wconf 87' lang='lat' dir='ltr'>eius</span> <span class='ocrx_word' id='word_1_244' title='bbox 944 4044 1018 4104; x_wconf 86' lang='lat' dir='ltr'>fidei</span> <span class='ocrx_word' id='word_1_245' title='bbox 1039 4046 1233 4105; x_wconf 88' lang='lat' dir='ltr'>committat.</span> <span class='ocrx_word' id='word_1_246' title='bbox 1254 4046 1360 4119; x_wconf 82' lang='lat' dir='ltr'>Atque</span> 
     </span>
     <span class='ocr_line' id='line_1_31' title="bbox 186 4159 1359 4235; baseline -0.002 -14"><span class='ocrx_word' id='word_1_247' title='bbox 186 4164 359 4235; x_wconf 86' lang='lat' dir='ltr'>postquam</span> <span class='ocrx_word' id='word_1_248' title='bbox 379 4161 418 4219; x_wconf 93' lang='lat' dir='ltr'>de</span> <span class='ocrx_word' id='word_1_249' title='bbox 437 4161 570 4235; x_wconf 85' lang='lat' dir='ltr'>lenitate</span> <span class='ocrx_word' id='word_1_250' title='bbox 590 4175 650 4219; x_wconf 91' lang='lat' dir='ltr'>sua</span> <span class='ocrx_word' id='word_1_251' title='bbox 670 4175 746 4234; x_wconf 84' lang='lat' dir='ltr'>erga</span> <span class='ocrx_word' id='word_1_252' title='bbox 765 4174 898 4218; x_wconf 89' lang='lat' dir='ltr'>servum</span> <span class='ocrx_word' id='word_1_253' title='bbox 918 4159 1092 4218; x_wconf 88' lang='lat' dir='ltr'>etiamtum</span> <span class='ocrx_word' id='word_1_254' title='bbox 1112 4174 1250 4231; x_wconf 91' lang='lat' dir='ltr'>coquum</span> <span class='ocrx_word' id='word_1_255' title='bbox 1267 4159 1359 4235; x_wconf 84' lang='lat' dir='ltr'>dixit,</span> 
     </span>
    </p>
   </div>
   <div class='ocr_carea' id='block_1_3' title="bbox 187 4372 1361 4583">
    <p class='ocr_par' dir='ltr' id='par_1_7' title="bbox 187 4372 1361 4583">
     <span class='ocr_line' id='line_1_32' title="bbox 216 4372 1361 4429; baseline -0.002 -9"><span class='ocrx_word' id='word_1_256' title='bbox 216 4379 233 4428; x_wconf 88' lang='lat'>¹)</span> <span class='ocrx_word' id='word_1_257' title='bbox 255 4376 288 4420; x_wconf 81' lang='lat' dir='ltr'>cf.</span> <span class='ocrx_word' id='word_1_258' title='bbox 308 4376 425 4420; x_wconf 75' lang='lat' dir='ltr'>Eunus.</span> <span class='ocrx_word' id='word_1_259' title='bbox 444 4376 490 4418; x_wconf 77' lang='grc'><strong>765.</strong></span> <span class='ocrx_word' id='word_1_260' title='bbox 510 4373 665 4418; x_wconf 78' lang='lat' dir='ltr'>Chremetem</span> <span class='ocrx_word' id='word_1_261' title='bbox 685 4372 754 4418; x_wconf 85' lang='lat' dir='ltr'>abire</span> <span class='ocrx_word' id='word_1_262' title='bbox 772 4374 898 4418; x_wconf 83' lang='lat' dir='ltr'>volentem</span> <span class='ocrx_word' id='word_1_263' title='bbox 920 4372 996 4417; x_wconf 76' lang='lat' dir='ltr'>rhais</span> <span class='ocrx_word' id='word_1_264' title='bbox 1010 4372 1108 4416; x_wconf 84' lang='lat' dir='ltr'>retinet.</span> <span class='ocrx_word' id='word_1_265' title='bbox 1125 4372 1173 4416; x_wconf 90' lang='lat' dir='ltr'>Hic</span> <span class='ocrx_word' id='word_1_266' title='bbox 1185 4372 1238 4416; x_wconf 89' lang='lat' dir='ltr'>ille:</span> <span class='ocrx_word' id='word_1_267' title='bbox 1253 4374 1361 4429; x_wconf 71' lang='lat' dir='ltr'>„omitte</span> 
     </span>
     <span class='ocr_line' id='line_1_33' title="bbox 187 4451 728 4508; baseline 0 -13"><span class='ocrx_word' id='word_1_268' title='bbox 187 4453 238 4496; x_wconf 90' lang='lat' dir='ltr'>lam</span> <span class='ocrx_word' id='word_1_269' title='bbox 252 4454 348 4508; x_wconf 85' lang='lat' dir='ltr'>adero,’&#39;</span> <span class='ocrx_word' id='word_1_270' title='bbox 361 4453 404 4496; x_wconf 89' lang='lat' dir='ltr'>ubi</span> <span class='ocrx_word' id='word_1_271' title='bbox 419 4453 509 4496; x_wconf 85' lang='lat' dir='ltr'>adero</span> <span class='ocrx_word' id='word_1_272' title='bbox 524 4453 564 4496; x_wconf 83' lang='lat' dir='ltr'>est</span> <span class='ocrx_word' id='word_1_273' title='bbox 578 4451 728 4495; x_wconf 84' lang='lat' dir='ltr'>revertar.</span> 
     </span>
     <span class='ocr_line' id='line_1_34' title="bbox 215 4529 964 4583; baseline -0.004 -9"><span class='ocrx_word' id='word_1_274' title='bbox 215 4534 232 4583; x_wconf 65' lang='grc' dir='ltr'>ῃ)</span> <span class='ocrx_word' id='word_1_275' title='bbox 247 4532 283 4577; x_wconf 89' lang='lat' dir='ltr'>De</span> <span class='ocrx_word' id='word_1_276' title='bbox 297 4532 373 4576; x_wconf 89' lang='lat' dir='ltr'>huius</span> <span class='ocrx_word' id='word_1_277' title='bbox 388 4531 476 4576; x_wconf 87' lang='lat' dir='ltr'>scholii</span> <span class='ocrx_word' id='word_1_278' title='bbox 491 4529 664 4574; x_wconf 84' lang='lat' dir='ltr'>emendatione</span> <span class='ocrx_word' id='word_1_279' title='bbox 679 4529 731 4572; x_wconf 84' lang='lat' dir='ltr'>dixi</span> <span class='ocrx_word' id='word_1_280' title='bbox 746 4529 867 4582; x_wconf 86' lang='lat' dir='ltr'>quaedam</span> <span class='ocrx_word' id='word_1_281' title='bbox 882 4540 904 4582; x_wconf 87' lang='lat' dir='ltr'>p.</span> <span class='ocrx_word' id='word_1_282' title='bbox 919 4529 964 4572; x_wconf 74' lang='lat'>126.</span> 
     </span>
    </p>
   </div>
   <div class='ocr_carea' id='block_1_4' title="bbox 0 0 1640 5254">
    <p class='ocr_par' dir='ltr' id='par_1_8' title="bbox 0 0 1640 5254">
     <span class='ocr_line' id='line_1_35' title="bbox 0 0 1640 5254; baseline 0 0"><span class='ocrx_word' id='word_1_283' title='bbox 0 0 1640 5254; x_wconf 95' lang='lat' dir='ltr'> </span> 
     </span>
    </p>
   </div>
  </div>
 </body>
</html>
