3234 5254
725 649 787 712 tva

165 836 226 896 sed
245 853 321 897 non
349 837 435 898 ultra
465 837 608 912 procedit
637 833 669 896 τὸ
700 835 857 916 παρέλκων,
888 853 966 898 nam
996 854 1130 899 meum
1161 853 1342 898 amorem

166 952 203 1009 et
225 953 445 1024 peccatum
467 953 545 1010 sunt
568 951 657 1010 verbi
680 951 914 1011 transtulit
936 951 1097 1012 obiecta.”

214 1174 253 1250 ΙΙ,
290 1177 319 1250 4,
358 1177 393 1235 1:
428 1178 573 1250 ,oportet
604 1177 714 1236 autem
744 1192 861 1236 mene
896 1177 1067 1251 quaerit
1098 1193 1172 1237 cum
1203 1177 1343 1251 quadam

166 1288 414 1362 gesticulatione
449 1291 481 1348 et
515 1289 751 1349 subsultatione
785 1291 946 1364 sperantis
980 1290 1113 1365 lenonie,
1147 1291 1187 1350 ad
1217 1291 1277 1350 hoc
1307 1305 1343 1348 se

167 1403 279 1476 quaeri
291 1404 328 1462 ut
340 1403 485 1478 accipiat,
499 1403 739 1477 pronuntiare.”
750 1404 855 1463 immo
872 1405 1155 1478 pronuntiari,
1173 1407 1210 1464 ut
1221 1405 1342 1479 opinor.

216 1518 265 1576 10.
291 1517 495 1577 Stultitia
518 1521 583 1577 est
607 1519 755 1588 istaec]
784 1519 864 1593 ,hoo
887 1519 1011 1578 scilicet
1033 1519 1128 1579 fateri
1152 1519 1181 1578 ei
1201 1518 1255 1592 qui
1274 1519 1344 1593 ipse

166 1630 252 1704 patri
282 1645 448 1704 nunquam
479 1632 655 1705 quidquam
687 1632 871 1692 celaverit.”
904 1632 1009 1692 immo
1040 1648 1119 1692 non
1146 1633 1277 1692 fateri
1302 1633 1344 1701 (id

168 1745 256 1804 enim
280 1745 386 1819 magis
410 1746 529 1805 arridet
552 1761 649 1819 quam
673 1746 891 1805 Westerhovii
916 1747 1099 1807 coniectura
1126 1746 1286 1815 celare).

216 1860 265 1918 12.
394 1881 397 1888 ⁴
469 1858 548 1933 Quid
572 1859 618 1918 ait
641 1860 773 1919 tandem
797 1859 889 1919 nobis
914 1860 1057 1920 Sannio?

169 1972 292 2032 Schol:
327 1973 467 2047 ,nobis
490 1983 529 2055 τῷ
553 1971 710 2055 ἰδιωτισμῷ
735 1973 765 2042 (i.
779 1989 806 2032 e.
821 1974 923 2033 dativi
946 1975 1044 2034 ethici
1064 1977 1172 2044 sensu)
1198 1974 1343 2034 additum

169 2088 236 2161 est,
263 2087 438 2145 nonenim
461 2085 582 2146 nobis
606 2086 852 2160 intelligendum
875 2088 956 2146 est.”
982 2087 1088 2147 Immo
1111 2087 1233 2148 nobis
1265 2087 1342 2146 ait:

168 2199 298 2260 dativus
322 2199 447 2259 ethicus
471 2201 521 2258 est
543 2200 673 2274 nobis,
698 2215 763 2259 non
786 2197 916 2260 dativus
940 2200 1055 2260 obiecti
1078 2201 1271 2261 remotioris.

216 2314 266 2374 14.
291 2313 345 2372 Ne
368 2315 453 2372 tam
477 2312 654 2386 quidem]
683 2315 787 2387 ,tam
806 2329 863 2388 pro
883 2315 1040 2388 tamen,
1063 2317 1095 2374 et
1115 2315 1206 2374 deest
1225 2315 1342 2375 dicas

169 2441 230 2486 me
260 2443 496 2502 properare,
529 2429 566 2486 ut
596 2428 640 2487 sit
670 2428 770 2486 etiam
798 2428 987 2487 adverbium
1011 2430 1172 2488 hortantis
1195 2430 1248 2489 vel
1272 2445 1342 2489 con-

170 2541 372 2602 sentientis'’
397 2540 538 2614 intelligi
562 2541 641 2600 haec
660 2555 725 2599 non
746 2542 884 2614 possunt
906 2541 971 2600 nisi
994 2541 1124 2600 etiam
1144 2542 1206 2602 alio
1226 2558 1343 2617 genere

168 2647 337 2714 literarum
349 2655 548 2729 depingatur.
562 2654 620 2714 Est
633 2655 921 2715 enimvocabulum
935 2671 951 2714 e
964 2657 1059 2715 textu
1070 2658 1185 2729 poetae
1198 2660 1256 2726 (vs.
1273 2658 1341 2727 iol:

436 2769 591 2843 Quamvis
615 2768 715 2828 etiam
737 2783 854 2828 maneo
879 2768 1002 2828 otiosus
1026 2769 1087 2829 hic.

217 2883 267 2942 18.
292 2883 345 2941 Ne
368 2882 404 2940 si
427 2881 562 2956 magis
582 2881 786 2941 irritatus
805 2882 901 2951 siet]
926 2881 1035 2956 ,velut
1055 2882 1341 2943 clametscilioet.”

169 2997 310 3056 Hoocine
330 2995 417 3056 vult:
441 2997 533 3070 ,post
552 3011 600 3054 ne
621 2996 790 3069 exspectes
810 2995 945 3054 verbum
965 2995 1058 3068 quale
1079 2998 1130 3055 est
1142 2997 1342 3065 clamet’?

169 3111 221 3169 An
252 3111 285 3169 in
316 3125 354 3170 ea
384 3125 462 3170 voce
492 3108 575 3169 latet
604 3110 747 3168 canis?
779 3109 862 3168 Nam
889 3110 939 3168 bis
967 3109 1053 3183 idem
1077 3110 1110 3170 in
1133 3127 1197 3171 uno
1221 3111 1342 3170 scholio

170 3224 232 3284 dici
255 3224 377 3283 mirum
401 3240 465 3284 non
488 3224 541 3283 sit.

215 3448 271 3524 iii,
296 3448 323 3523 1,
345 3449 375 3508 4.
396 3446 611 3506 Neminem
631 3445 774 3516 habeo]
798 3446 893 3520 ,quid
914 3445 1001 3504 enim
1021 3461 1100 3520 opus
1121 3449 1195 3507 est?
1215 3451 1272 3508 aut
1287 3464 1343 3508 eur

171 3578 255 3622 nunc
275 3561 417 3634 quereris
426 3562 462 3621 ‘l”
484 3560 671 3634 interpellat
691 3561 742 3619 his
766 3560 873 3619 verbis
894 3559 1074 3620 Scholiasta
1094 3561 1284 3638 Sostratam,
1306 3567 1343 3623 ut

171 3677 372 3736 demonstret
403 3675 445 3745 lid
475 3675 558 3747 quod
589 3673 847 3748 supraponitur)
871 3673 1034 3748 mulieres,
1060 3688 1134 3732 oum
1158 3678 1340 3750 querantur,

170 3791 275 3850 multa
299 3804 488 3850 coacervare
512 3804 594 3862 quae
618 3803 637 3847 a
659 3787 728 3847 loco
752 3787 819 3846 sint
842 3786 956 3846 aliena.

215 3904 256 3963 ib.
297 3903 419 3963 Solae
449 3904 604 3971 sumus]
640 3915 824 3977 ,nunquam
856 3900 1022 3974 pluraliter
1052 3901 1200 3962 solae.'’
1231 3903 1342 3977 inepte

171 4017 223 4078 hic
254 4019 444 4092 compilator
474 4017 671 4076 sententiam
703 4015 844 4090 corrupit
874 4030 956 4088 quae
986 4016 1020 4075 in
1050 4015 1197 4088 sequenti
1221 4016 1342 4075 scholio

171 4133 305 4207 legitur:
348 4146 467 4206 ,quum
505 4130 565 4190 hoc
600 4144 718 4188 nomen
752 4128 987 4203 singularitatis
1022 4130 1074 4204 sit,
1109 4129 1191 4189 mire
1226 4130 1341 4188 solae

171 4246 336 4320 pluraliter
360 4244 473 4304 dixit.'’

216 4361 245 4420 8.
268 4359 418 4419 Scholion
438 4358 477 4416 ad
497 4357 583 4416 huno
601 4372 733 4416 versum
754 4357 880 4432 egregie
900 4358 1086 4422 emendavit
1096 4353 1342 4415 Westerhovius

173 4474 321 4549 legendo:
357 4475 410 4548 ,et
440 4472 487 4532 sic
517 4472 633 4531 maluit
663 4472 777 4547 dicere,
809 4487 909 4545 quum
940 4488 1003 4532 non
1030 4471 1190 4532 Aeschino
1214 4468 1342 4542 culpam
