3230 5260
782 637 823 696 96

221 819 289 895 Qua
322 836 401 881 voce
434 822 520 882 diota
554 823 635 884 haec
663 825 730 884 sint
760 840 855 885 nemo
886 824 1004 884 melius
1027 825 1139 885 docere
1162 828 1269 900 potest
1293 841 1392 900 quam

221 934 409 1010 Scholiasta,
435 937 526 996 cuius
548 938 629 997 haec
651 939 750 998 verba
772 941 865 998 sunt:
890 938 1042 1013 „Hodie
1062 955 1127 998 non
1146 941 1276 1014 tompus
1295 939 1390 1013 signi·
1489 907 1493 920 ’

219 1050 295 1112 licat
317 1052 373 1110 sed
397 1051 586 1111 iracundam
609 1053 827 1126 eloquentiam
850 1068 887 1112 ao
911 1053 1150 1113 stomachum.”

265 1163 549 1224 Gerundivum
579 1180 676 1224 suum
707 1165 768 1224 sibi
794 1155 1004 1242 ddog'hahet:
1027 1181 1064 1226 ea
1082 1165 1185 1240 figura
1203 1167 1393 1241 plerumque

219 1279 258 1339 ab
282 1280 337 1339 illo
361 1277 530 1338 adhibetur
553 1279 608 1353 qui
630 1281 840 1340 stomachans
863 1280 902 1339 (16
925 1281 1017 1355 gravi
1036 1281 1177 1354 quadam
1197 1281 1391 1340 necessitate

218 1385 360 1465 loquitur
390 1409 488 1466 quam
518 1393 622 1453 vitare
653 1409 688 1453 se
719 1410 783 1454 non
806 1409 901 1468 posse
925 1410 1022 1469 saepe
1045 1395 1089 1454 sit
1113 1396 1276 1468 expertus,
1303 1394 1391 1468 ,llos

219 1506 393 1580 gerendust
426 1506 561 1596 Thaidi”
596 1507 630 1566 in
664 1507 817 1567 Eunucho
849 1523 924 1567 cum
954 1509 1078 1583 gemitu
1108 1507 1266 1568 Phaedria
1296 1508 1390 1580 dicit;

219 1618 399 1693 similisque
433 1620 593 1694 Pamphili
627 1621 661 1679 in
695 1620 817 1680 Andria
851 1621 980 1680 auditur
1003 1622 1144 1695 gemitus
1167 1637 1242 1680 oum
1265 1624 1391 1695 patrem

219 1732 281 1792 sibi
303 1733 399 1793 modo
423 1733 545 1792 dixisse
568 1735 680 1793 narrat
703 1737 761 1804 (vo.
787 1735 879 1804 254):

448 1845 539 1906 Uxor
561 1847 620 1906 tibi
643 1848 829 1923 ducendast,
854 1847 1032 1923 Pamphila,
1057 1848 1160 1908 hodie.

220 1961 364 2019 Annotat
383 1960 580 2020 Scholiasta:
604 1961 701 2034 ,Mire
721 1962 926 2020 ducenda:
948 1976 1076 2034 semper
1096 1961 1156 2020 hoc
1176 1978 1277 2036 genus
1297 1962 1391 2021 decli-

219 2073 359 2132 nationis
401 2073 632 2134 neoessitatom
673 2075 846 2134 ostendit.”
889 2074 929 2133 Et
971 2074 1039 2133 iure
1074 2089 1171 2133 suum
1205 2075 1307 2133 mira
1337 2074 1393 2133 hic

218 2187 330 2259 ponitz-
360 2187 440 2246 non'
463 2187 551 2246 enim
581 2190 708 2262 poterat
738 2187 875 2247 inveniri
907 2188 1026 2262 aliquid
1057 2189 1140 2260 quod
1171 2190 1392 2262 spectatorum

219 2300 297 2360 risui
332 2300 491 2360 movendo
526 2301 633 2375 aptius
664 2304 752 2361 esset
789 2316 888 2374 quam
926 2301 982 2361 illa
1012 2301 1208 2361 inevitabilis
1239 2301 1318 2361 mali
1349 2303 1391 2360 si-

219 2411 391 2486 gnificatio.

262 2527 439 2588 Nostin?
473 2527 549 2600 quid
584 2528 645 2587 sibi
679 2528 759 2587 velit
793 2528 960 2588 annotatio
994 2529 1034 2588 ad
1065 2529 1164 2589 Andr.
1198 2529 1260 2588 441
1286 2529 1389 2588 (16661.

219 2641 307 2700 Simo
329 2642 480 2715 paratum
503 2641 570 2700 iam
594 2657 665 2700 esse
688 2639 792 2700 filium
816 2642 855 2701 ad
879 2642 1058 2701 ducendam
1080 2641 1241 2715 virginem
1261 2657 1280 2700 a
1298 2644 1392 2714 patre

218 2754 279 2813 sibi
306 2754 503 2814 destinatam
528 2753 703 2813 affirmanti
730 2768 824 2813 servo
848 2755 976 2813 credere
999 2753 1127 2828 incipit3
1153 2756 1256 2814 restat
1278 2755 1393 2813 tamen

218 2868 387 2941 scrupulus
411 2868 536 2944 aliquis
562 2883 636 2942 argo
660 2869 752 2942 rogat
774 2883 822 2926 vs.
847 2868 912 2927 438
936 2883 1001 2940 sq:

368 2981 454 3040 Num
478 2981 525 3041 illi
548 2981 706 3041 molestae
729 2981 895 3055 quidpiam
918 2981 979 3040 hae
1002 2982 1080 3040 sunt
1102 2981 1234 3055 nuptiae

368 3095 512 3154 Huiusce
534 3096 663 3169 propter
686 3095 954 3155 consuetudinem
977 3094 1148 3168 hospitae?

217 3207 401 3282 Respondet
422 3208 549 3282 Davus:

367 3322 420 3382 Nil
443 3323 564 3382 hercle:
590 3325 655 3400 aut,
681 3323 709 3383 si
734 3323 822 3399 adeo,
843 3323 965 3383 biduist
987 3323 1045 3382 aut
1066 3321 1165 3382 tridui

369 3435 459 3496 Haec
480 3436 678 3498 sollicitudo:
703 3437 814 3497 nosti?
838 3437 951 3496 deindo
974 3436 1109 3495 desinet.

216 3550 362 3609 Annotat
387 3550 584 3610 Scholiasta:
611 3551 668 3624 ,In
691 3549 961 3625 significationem
984 3550 1172 3624 multorum,
1198 3565 1280 3623 quae
1303 3564 1388 3609 com·

216 3663 331 3736 pendio
354 3664 493 3724 facimus
516 3664 659 3723 nostin
682 3665 851 3724 dicimus?

261 3777 369 3851 Longe
399 3777 482 3837 alius
513 3777 641 3836 videtur
671 3778 817 3837 eiusdem
847 3777 996 3838 vocabuli
1020 3777 1106 3838 color
1129 3776 1208 3836 Eun.
1222 3777 1308 3852 405,
1332 3775 1389 3836 ubi

216 3889 312 3949 miles
343 3905 380 3950 eo
403 3889 506 3950 utitur
529 3891 563 3949 et
585 3889 766 3949 Scholiasta
789 3892 939 3950 annotat:
970 3889 1087 3964 ,Grato
1111 3890 1272 3964 expressit
1294 3889 1389 3949 stulti

215 4003 387 4062 infantiam
421 4002 544 4078 militia,
581 4003 635 4076 qui
670 4004 745 4062 ante
778 4004 849 4062 vult
878 4003 1024 4078 intelligi,
1049 4003 1132 4076 quod
1155 4003 1264 4078 sentit,
1289 4017 1389 4076 quam

215 4117 284 4191 ipse
314 4117 432 4177 dicat.”
464 4117 509 4175 At
538 4131 641 4189 neque
670 4115 781 4176 Davus
812 4131 914 4190 nequa
945 4115 1041 4176 miles
1072 4116 1147 4189 quid
1171 4116 1257 4175 dicat
1279 4116 1386 4191 hahet,

216 4230 330 4290 volunt
362 4232 475 4290 tamen
507 4229 610 4289 videri
643 4230 748 4289 multa
783 4231 887 4289 dicere
921 4245 1015 4304 posse
1046 4229 1112 4305 sod,
1137 4244 1177 4288 ne
1200 4228 1287 4303 longi
1310 4229 1387 4304 sint,

215 4343 366 4403 omittere
388 4344 548 4418 pleraque.

260 4455 365 4515 Verba
388 4457 484 4530 quid
507 4455 632 4515 istic?
656 4454 840 4530 significant
860 4455 1000 4530 aliquem
1020 4457 1074 4530 qui
1089 4457 1171 4517 irato
1184 4457 1388 4518 obstinatove
