<?xml version="1.0" encoding="UTF-8"?>
<!DOCTYPE html PUBLIC "-//W3C//DTD XHTML 1.0 Transitional//EN"
    "http://www.w3.org/TR/xhtml1/DTD/xhtml1-transitional.dtd">
<html xmlns="http://www.w3.org/1999/xhtml" xml:lang="en" lang="en">
 <head>
  <title>
</title>
<meta http-equiv="Content-Type" content="text/html;charset=utf-8" />
  <meta name='ocr-system' content='tesseract 3.04.00' />
  <meta name='ocr-capabilities' content='ocr_page ocr_carea ocr_par ocr_line ocrx_word'/>
</head>
<body>
  <div class='ocr_page' id='page_1' title='image "./deterentioetdon00hartgoog_0075.png"; bbox 0 0 3254 5274; ppageno 0'>
   <div class='ocr_carea' id='block_1_1' title="bbox 843 649 885 706">
    <p class='ocr_par' dir='ltr' id='par_1_1' title="bbox 843 649 885 706">
     <span class='ocr_line' id='line_1_1' title="bbox 843 649 885 706; baseline 0 0"><span class='ocrx_word' id='word_1_1' title='bbox 843 649 885 706; x_wconf 80' lang='lat'>60</span> 
     </span>
    </p>
   </div>
   <div class='ocr_carea' id='block_1_2' title="bbox 278 833 1484 4545">
    <p class='ocr_par' dir='ltr' id='par_1_2' title="bbox 278 833 1447 1020">
     <span class='ocr_line' id='line_1_2' title="bbox 278 833 1447 911; baseline 0.003 -20"><span class='ocrx_word' id='word_1_2' title='bbox 278 833 322 892; x_wconf 87' lang='lat' dir='ltr'>sit</span> <span class='ocrx_word' id='word_1_3' title='bbox 348 835 548 908; x_wconf 90' lang='lat' dir='ltr'>propositum</span> <span class='ocrx_word' id='word_1_4' title='bbox 571 836 822 909; x_wconf 84' lang='lat' dir='ltr'>postulatumve.</span> <span class='ocrx_word' id='word_1_5' title='bbox 848 835 1059 895; x_wconf 75' lang='lat' dir='ltr'>conferantur</span> <span class='ocrx_word' id='word_1_6' title='bbox 1082 853 1124 896; x_wconf 83' lang='lat' dir='ltr'>ex</span> <span class='ocrx_word' id='word_1_7' title='bbox 1147 837 1262 897; x_wconf 86' lang='lat' dir='ltr'>Latina</span> <span class='ocrx_word' id='word_1_8' title='bbox 1285 837 1447 911; x_wconf 78' lang='lat' dir='ltr'>tragoedia</span> 
     </span>
     <span class='ocr_line' id='line_1_3' title="bbox 278 946 980 1020; baseline 0.006 -16"><span class='ocrx_word' id='word_1_9' title='bbox 278 946 444 1020; x_wconf 80' lang='lat' dir='ltr'>Iphigenia</span> <span class='ocrx_word' id='word_1_10' title='bbox 467 949 500 1006; x_wconf 90' lang='lat' dir='ltr'>in</span> <span class='ocrx_word' id='word_1_11' title='bbox 523 948 638 1008; x_wconf 86' lang='lat' dir='ltr'>Aulide</span> <span class='ocrx_word' id='word_1_12' title='bbox 662 948 826 1008; x_wconf 79' lang='lat' dir='ltr'>notissimi</span> <span class='ocrx_word' id='word_1_13' title='bbox 852 964 980 1008; x_wconf 88' lang='lat' dir='ltr'>versus:</span> 
     </span>
    </p>

    <p class='ocr_par' dir='ltr' id='par_1_3' title="bbox 278 1060 1484 2724">
     <span class='ocr_line' id='line_1_4' title="bbox 367 1060 1415 1137; baseline 0.002 -17"><span class='ocrx_word' id='word_1_14' title='bbox 367 1060 411 1120; x_wconf 88' lang='lat' dir='ltr'>Ut</span> <span class='ocrx_word' id='word_1_15' title='bbox 435 1076 493 1134; x_wconf 90' lang='lat' dir='ltr'>ego</span> <span class='ocrx_word' id='word_1_16' title='bbox 516 1061 638 1135; x_wconf 90' lang='lat' dir='ltr'>plectar</span> <span class='ocrx_word' id='word_1_17' title='bbox 662 1063 744 1134; x_wconf 93' lang='lat' dir='ltr'>quod</span> <span class='ocrx_word' id='word_1_18' title='bbox 768 1064 804 1121; x_wconf 91' lang='lat' dir='ltr'>tu</span> <span class='ocrx_word' id='word_1_19' title='bbox 827 1077 951 1136; x_wconf 88' lang='lat' dir='ltr'>peccas,</span> <span class='ocrx_word' id='word_1_20' title='bbox 976 1064 1012 1121; x_wconf 89' lang='lat' dir='ltr'>tu</span> <span class='ocrx_word' id='word_1_21' title='bbox 1036 1063 1194 1136; x_wconf 86' lang='lat' dir='ltr'>delinquis</span> <span class='ocrx_word' id='word_1_22' title='bbox 1217 1079 1275 1137; x_wconf 87' lang='lat' dir='ltr'>ego</span> <span class='ocrx_word' id='word_1_23' title='bbox 1300 1078 1415 1136; x_wconf 88' lang='lat' dir='ltr'>arguar</span> 
     </span>
     <span class='ocr_line' id='line_1_5' title="bbox 278 1176 1447 1251; baseline 0.001 -17"><span class='ocrx_word' id='word_1_24' title='bbox 278 1176 310 1234; x_wconf 86' lang='lat' dir='ltr'>et</span> <span class='ocrx_word' id='word_1_25' title='bbox 357 1177 410 1248; x_wconf 92' lang='lat' dir='ltr'>qui</span> <span class='ocrx_word' id='word_1_26' title='bbox 452 1177 639 1250; x_wconf 88' lang='lat' dir='ltr'>sequuntur,</span> <span class='ocrx_word' id='word_1_27' title='bbox 683 1176 798 1248; x_wconf 88' lang='lat' dir='ltr'>quibus</span> <span class='ocrx_word' id='word_1_28' title='bbox 840 1177 1066 1250; x_wconf 85' lang='lat' dir='ltr'>Agamemnon</span> <span class='ocrx_word' id='word_1_29' title='bbox 1100 1177 1272 1251; x_wconf 79' lang='lat' dir='ltr'>respondet</span> <span class='ocrx_word' id='word_1_30' title='bbox 1305 1177 1447 1236; x_wconf 88' lang='lat' dir='ltr'>Menelao</span> 
     </span>
     <span class='ocr_line' id='line_1_6' title="bbox 278 1288 1447 1365; baseline 0.001 -18"><span class='ocrx_word' id='word_1_31' title='bbox 278 1289 463 1363; x_wconf 88' lang='lat' dir='ltr'>Iphigeniae</span> <span class='ocrx_word' id='word_1_32' title='bbox 483 1289 628 1362; x_wconf 90' lang='lat' dir='ltr'>poscenti</span> <span class='ocrx_word' id='word_1_33' title='bbox 647 1288 851 1348; x_wconf 89' lang='lat' dir='ltr'>sacrificium.</span> <span class='ocrx_word' id='word_1_34' title='bbox 872 1290 1108 1364; x_wconf 88' lang='lat' dir='ltr'>Respondentis</span> <span class='ocrx_word' id='word_1_35' title='bbox 1129 1293 1188 1365; x_wconf 90' lang='lat' dir='ltr'>est,</span> <span class='ocrx_word' id='word_1_36' title='bbox 1209 1299 1274 1349; x_wconf 89' lang='lat' dir='ltr'>non</span> <span class='ocrx_word' id='word_1_37' title='bbox 1286 1291 1447 1364; x_wconf 90' lang='lat' dir='ltr'>disputare</span> 
     </span>
     <span class='ocr_line' id='line_1_7' title="bbox 278 1400 1446 1478; baseline 0 -17"><span class='ocrx_word' id='word_1_38' title='bbox 278 1403 471 1476; x_wconf 88' lang='lat' dir='ltr'>incipientis.</span> <span class='ocrx_word' id='word_1_39' title='bbox 496 1401 620 1461; x_wconf 85' lang='lat' dir='ltr'>Tamen</span> <span class='ocrx_word' id='word_1_40' title='bbox 643 1402 695 1461; x_wconf 89' lang='lat' dir='ltr'>hic</span> <span class='ocrx_word' id='word_1_41' title='bbox 718 1403 796 1462; x_wconf 90' lang='lat' dir='ltr'>illud</span> <span class='ocrx_word' id='word_1_42' title='bbox 819 1405 862 1462; x_wconf 90' lang='lat' dir='ltr'>ut</span> <span class='ocrx_word' id='word_1_43' title='bbox 886 1403 919 1462; x_wconf 91' lang='lat' dir='ltr'>in</span> <span class='ocrx_word' id='word_1_44' title='bbox 942 1404 1046 1478; x_wconf 89' lang='lat' dir='ltr'>primo</span> <span class='ocrx_word' id='word_1_45' title='bbox 1070 1419 1186 1463; x_wconf 81' lang='lat' dir='ltr'>scenae</span> <span class='ocrx_word' id='word_1_46' title='bbox 1205 1419 1302 1463; x_wconf 82' lang='lat' dir='ltr'>versu</span> <span class='ocrx_word' id='word_1_47' title='bbox 1321 1400 1446 1476; x_wconf 90' lang='lat' dir='ltr'>legitur.</span> 
     </span>
     <span class='ocr_line' id='line_1_8' title="bbox 278 1515 1448 1590; baseline -0.001 -16"><span class='ocrx_word' id='word_1_48' title='bbox 278 1517 370 1589; x_wconf 86' lang='lat' dir='ltr'>Ergo,</span> <span class='ocrx_word' id='word_1_49' title='bbox 402 1518 439 1574; x_wconf 94' lang='lat' dir='ltr'>ut</span> <span class='ocrx_word' id='word_1_50' title='bbox 470 1515 668 1574; x_wconf 88' lang='lat' dir='ltr'>Scholiastae</span> <span class='ocrx_word' id='word_1_51' title='bbox 699 1515 807 1574; x_wconf 87' lang='lat' dir='ltr'>verbis</span> <span class='ocrx_word' id='word_1_52' title='bbox 837 1518 927 1574; x_wconf 90' lang='lat' dir='ltr'>utar:</span> <span class='ocrx_word' id='word_1_53' title='bbox 964 1516 1035 1590; x_wconf 91' lang='lat' dir='ltr'>,hic</span> <span class='ocrx_word' id='word_1_54' title='bbox 1066 1531 1173 1575; x_wconf 89' lang='lat' dir='ltr'>sermo</span> <span class='ocrx_word' id='word_1_55' title='bbox 1204 1517 1251 1576; x_wconf 89' lang='lat' dir='ltr'>sic</span> <span class='ocrx_word' id='word_1_56' title='bbox 1282 1517 1387 1590; x_wconf 90' lang='lat' dir='ltr'>prodit</span> <span class='ocrx_word' id='word_1_57' title='bbox 1412 1517 1448 1574; x_wconf 93' lang='lat' dir='ltr'>ut</span> 
     </span>
     <span class='ocr_line' id='line_1_9' title="bbox 278 1627 1447 1703; baseline 0.001 -16"><span class='ocrx_word' id='word_1_58' title='bbox 278 1630 351 1703; x_wconf 88' lang='lat' dir='ltr'>post</span> <span class='ocrx_word' id='word_1_59' title='bbox 370 1643 502 1688; x_wconf 88' lang='lat' dir='ltr'>scenam</span> <span class='ocrx_word' id='word_1_60' title='bbox 523 1627 693 1688; x_wconf 88' lang='lat' dir='ltr'>inchoatus</span> <span class='ocrx_word' id='word_1_61' title='bbox 714 1643 786 1688; x_wconf 88' lang='lat' dir='ltr'>esse</span> <span class='ocrx_word' id='word_1_62' title='bbox 805 1629 985 1688; x_wconf 90' lang='lat' dir='ltr'>videatur.”</span> <span class='ocrx_word' id='word_1_63' title='bbox 1007 1629 1056 1687; x_wconf 89' lang='lat' dir='ltr'>Ad</span> <span class='ocrx_word' id='word_1_64' title='bbox 1076 1631 1225 1688; x_wconf 89' lang='lat' dir='ltr'>nostrum</span> <span class='ocrx_word' id='word_1_65' title='bbox 1245 1645 1322 1688; x_wconf 88' lang='lat' dir='ltr'>vero</span> <span class='ocrx_word' id='word_1_66' title='bbox 1341 1629 1447 1688; x_wconf 89' lang='lat' dir='ltr'>locum</span> 
     </span>
     <span class='ocr_line' id='line_1_10' title="bbox 279 1727 1484 1816; baseline 0 -15"><span class='ocrx_word' id='word_1_67' title='bbox 279 1742 458 1816; x_wconf 80' lang='lat' dir='ltr'>adscripsit,</span> <span class='ocrx_word' id='word_1_68' title='bbox 484 1757 565 1814; x_wconf 89' lang='lat' dir='ltr'>quae</span> <span class='ocrx_word' id='word_1_69' title='bbox 588 1757 652 1800; x_wconf 92' lang='lat' dir='ltr'>non</span> <span class='ocrx_word' id='word_1_70' title='bbox 676 1741 805 1815; x_wconf 92' lang='lat' dir='ltr'>quidem</span> <span class='ocrx_word' id='word_1_71' title='bbox 829 1745 898 1801; x_wconf 88' lang='lat' dir='ltr'>tam</span> <span class='ocrx_word' id='word_1_72' title='bbox 922 1743 989 1802; x_wconf 89' lang='lat' dir='ltr'>sint</span> <span class='ocrx_word' id='word_1_73' title='bbox 1012 1743 1132 1803; x_wconf 89' lang='lat' dir='ltr'>diserta</span> <span class='ocrx_word' id='word_1_74' title='bbox 1155 1744 1212 1802; x_wconf 90' lang='lat' dir='ltr'>sed</span> <span class='ocrx_word' id='word_1_75' title='bbox 1232 1745 1344 1802; x_wconf 90' lang='lat' dir='ltr'>tamen</span> <span class='ocrx_word' id='word_1_76' title='bbox 1363 1743 1447 1802; x_wconf 89' lang='lat' dir='ltr'>idem</span> <span class='ocrx_word' id='word_1_77' title='bbox 1482 1727 1484 1729; x_wconf 32' lang='lat'>¹</span> 
     </span>
     <span class='ocr_line' id='line_1_11' title="bbox 278 1853 1446 1929; baseline 0.003 -16"><span class='ocrx_word' id='word_1_78' title='bbox 278 1853 476 1928; x_wconf 88' lang='lat' dir='ltr'>significent:</span> <span class='ocrx_word' id='word_1_79' title='bbox 512 1856 663 1929; x_wconf 90' lang='lat' dir='ltr'>„apparet</span> <span class='ocrx_word' id='word_1_80' title='bbox 695 1854 899 1914; x_wconf 81' lang='lat' dir='ltr'>Gnathonem</span> <span class='ocrx_word' id='word_1_81' title='bbox 931 1857 963 1914; x_wconf 92' lang='lat' dir='ltr'>et</span> <span class='ocrx_word' id='word_1_82' title='bbox 990 1856 1230 1915; x_wconf 86' lang='lat' dir='ltr'>dehortatorem</span> <span class='ocrx_word' id='word_1_83' title='bbox 1254 1871 1326 1915; x_wconf 88' lang='lat' dir='ltr'>esse</span> <span class='ocrx_word' id='word_1_84' title='bbox 1350 1859 1446 1916; x_wconf 88' lang='lat' dir='ltr'>certa·</span> 
     </span>
     <span class='ocr_line' id='line_1_12' title="bbox 278 1968 1448 2060; baseline 0.002 -33"><span class='ocrx_word' id='word_1_85' title='bbox 278 1968 377 2027; x_wconf 89' lang='lat' dir='ltr'>minis</span> <span class='ocrx_word' id='word_1_86' title='bbox 408 1970 441 2027; x_wconf 89' lang='lat' dir='ltr'>et</span> <span class='ocrx_word' id='word_1_87' title='bbox 471 1969 510 2027; x_wconf 89' lang='lat' dir='ltr'>ad</span> <span class='ocrx_word' id='word_1_88' title='bbox 541 1968 655 2042; x_wconf 88' lang='lat' dir='ltr'>pocula</span> <span class='ocrx_word' id='word_1_89' title='bbox 685 1969 824 2028; x_wconf 90' lang='lat' dir='ltr'>militem</span> <span class='ocrx_word' id='word_1_90' title='bbox 855 1971 1060 2060; x_wconf 59' lang='lat' dir='ltr'>provocarej&#39;</span> <span class='ocrx_word' id='word_1_91' title='bbox 1092 1970 1139 2028; x_wconf 89' lang='lat' dir='ltr'>Ne</span> <span class='ocrx_word' id='word_1_92' title='bbox 1171 1970 1297 2029; x_wconf 87' lang='lat' dir='ltr'>dubites</span> <span class='ocrx_word' id='word_1_93' title='bbox 1328 1969 1448 2044; x_wconf 85' lang='lat' dir='ltr'>inspice</span> 
     </span>
     <span class='ocr_line' id='line_1_13' title="bbox 279 2082 1449 2158; baseline 0.001 -17"><span class='ocrx_word' id='word_1_94' title='bbox 279 2082 522 2142; x_wconf 89' lang='lat' dir='ltr'>annotationem</span> <span class='ocrx_word' id='word_1_95' title='bbox 557 2098 638 2154; x_wconf 92' lang='lat' dir='ltr'>quae</span> <span class='ocrx_word' id='word_1_96' title='bbox 670 2083 709 2141; x_wconf 89' lang='lat' dir='ltr'>ad</span> <span class='ocrx_word' id='word_1_97' title='bbox 740 2098 788 2142; x_wconf 90' lang='lat' dir='ltr'>vs.</span> <span class='ocrx_word' id='word_1_98' title='bbox 824 2084 907 2146; x_wconf 77' lang='lat'>1025</span> <span class='ocrx_word' id='word_1_99' title='bbox 939 2083 1073 2157; x_wconf 84' lang='lat' dir='ltr'>legitur:</span> <span class='ocrx_word' id='word_1_100' title='bbox 1108 2099 1256 2158; x_wconf 89' lang='lat' dir='ltr'>,semper</span> <span class='ocrx_word' id='word_1_101' title='bbox 1287 2099 1306 2144; x_wconf 88' lang='lat' dir='ltr'>a</span> <span class='ocrx_word' id='word_1_102' title='bbox 1335 2095 1449 2143; x_wconf 85' lang='lat' dir='ltr'>mensa</span> 
     </span>
     <span class='ocr_line' id='line_1_14' title="bbox 279 2195 1449 2270; baseline 0 -14"><span class='ocrx_word' id='word_1_103' title='bbox 279 2197 405 2256; x_wconf 80' lang='lat' dir='ltr'>Gnatho</span> <span class='ocrx_word' id='word_1_104' title='bbox 426 2196 547 2255; x_wconf 86' lang='lat' dir='ltr'>invitus</span> <span class='ocrx_word' id='word_1_105' title='bbox 568 2195 782 2269; x_wconf 85' lang='lat' dir='ltr'>abstrahitur;</span> <span class='ocrx_word' id='word_1_106' title='bbox 804 2212 880 2255; x_wconf 93' lang='lat' dir='ltr'>nam</span> <span class='ocrx_word' id='word_1_107' title='bbox 901 2199 934 2256; x_wconf 87' lang='lat' dir='ltr'>et</span> <span class='ocrx_word' id='word_1_108' title='bbox 953 2212 1050 2270; x_wconf 89' lang='lat' dir='ltr'>supra</span> <span class='ocrx_word' id='word_1_109' title='bbox 1071 2213 1145 2256; x_wconf 91' lang='lat' dir='ltr'>cum</span> <span class='ocrx_word' id='word_1_110' title='bbox 1165 2197 1205 2256; x_wconf 89' lang='lat' dir='ltr'>ad</span> <span class='ocrx_word' id='word_1_111' title='bbox 1216 2198 1310 2257; x_wconf 92' lang='lat' dir='ltr'>litem</span> <span class='ocrx_word' id='word_1_112' title='bbox 1321 2199 1449 2256; x_wconf 85' lang='lat' dir='ltr'>venitur</span> 
     </span>
     <span class='ocr_line' id='line_1_15' title="bbox 279 2309 1446 2384; baseline -0.001 -16"><span class='ocrx_word' id='word_1_113' title='bbox 279 2325 320 2368; x_wconf 86' lang='lat' dir='ltr'>ex</span> <span class='ocrx_word' id='word_1_114' title='bbox 339 2310 446 2368; x_wconf 89' lang='lat' dir='ltr'>verbis</span> <span class='ocrx_word' id='word_1_115' title='bbox 466 2309 641 2368; x_wconf 88' lang='lat' dir='ltr'>Thrasonis</span> <span class='ocrx_word' id='word_1_116' title='bbox 661 2309 873 2368; x_wconf 83' lang='lat' dir='ltr'>manifestum</span> <span class='ocrx_word' id='word_1_117' title='bbox 894 2312 944 2368; x_wconf 88' lang='lat' dir='ltr'>est</span> <span class='ocrx_word' id='word_1_118' title='bbox 964 2310 1167 2369; x_wconf 81' lang='lat' dir='ltr'>Gnathonem</span> <span class='ocrx_word' id='word_1_119' title='bbox 1192 2309 1332 2369; x_wconf 83' lang='lat' dir='ltr'>invitum</span> <span class='ocrx_word' id='word_1_120' title='bbox 1348 2310 1446 2384; x_wconf 86' lang='lat' dir='ltr'>sequi,</span> 
     </span>
     <span class='ocr_line' id='line_1_16' title="bbox 278 2423 1446 2497; baseline 0 -15"><span class='ocrx_word' id='word_1_121' title='bbox 278 2423 332 2482; x_wconf 92' lang='lat' dir='ltr'>ubi</span> <span class='ocrx_word' id='word_1_122' title='bbox 363 2423 456 2483; x_wconf 89' lang='lat' dir='ltr'>dicit:</span> <span class='ocrx_word' id='word_1_123' title='bbox 488 2423 625 2482; x_wconf 90' lang='lat' dir='ltr'>hancine</span> <span class='ocrx_word' id='word_1_124' title='bbox 656 2438 715 2496; x_wconf 93' lang='lat' dir='ltr'>ego</span> <span class='ocrx_word' id='word_1_125' title='bbox 745 2425 782 2482; x_wconf 93' lang='lat' dir='ltr'>ut</span> <span class='ocrx_word' id='word_1_126' title='bbox 806 2424 1037 2483; x_wconf 88' lang='lat' dir='ltr'>contumeliam</span> <span class='ocrx_word' id='word_1_127' title='bbox 1060 2425 1130 2482; x_wconf 88' lang='lat' dir='ltr'>tam</span> <span class='ocrx_word' id='word_1_128' title='bbox 1154 2424 1315 2497; x_wconf 82' lang='lat' dir='ltr'>insignem</span> <span class='ocrx_word' id='word_1_129' title='bbox 1339 2425 1372 2482; x_wconf 89' lang='lat' dir='ltr'>in</span> <span class='ocrx_word' id='word_1_130' title='bbox 1394 2439 1446 2482; x_wconf 90' lang='lat' dir='ltr'>me</span> 
     </span>
     <span class='ocr_line' id='line_1_17' title="bbox 278 2537 1445 2611; baseline 0 -15"><span class='ocrx_word' id='word_1_131' title='bbox 278 2537 444 2611; x_wconf 80' lang='lat' dir='ltr'>accipiam,</span> <span class='ocrx_word' id='word_1_132' title='bbox 477 2537 648 2596; x_wconf 86' lang='lat' dir='ltr'>Gnatho?&#39;’</span> <span class='ocrx_word' id='word_1_133' title='bbox 680 2538 778 2596; x_wconf 89' lang='lat' dir='ltr'>Vides</span> <span class='ocrx_word' id='word_1_134' title='bbox 810 2553 907 2610; x_wconf 91' lang='lat' dir='ltr'>quam</span> <span class='ocrx_word' id='word_1_135' title='bbox 934 2538 1015 2596; x_wconf 89' lang='lat' dir='ltr'>bene</span> <span class='ocrx_word' id='word_1_136' title='bbox 1039 2537 1187 2611; x_wconf 89' lang='lat' dir='ltr'>egregius</span> <span class='ocrx_word' id='word_1_137' title='bbox 1210 2538 1263 2596; x_wconf 90' lang='lat' dir='ltr'>ille</span> <span class='ocrx_word' id='word_1_138' title='bbox 1288 2553 1445 2597; x_wconf 89' lang='lat' dir='ltr'>commen-</span> 
     </span>
     <span class='ocr_line' id='line_1_18' title="bbox 278 2651 728 2724; baseline 0.004 -16"><span class='ocrx_word' id='word_1_139' title='bbox 278 2652 364 2709; x_wconf 90' lang='lat' dir='ltr'>tator</span> <span class='ocrx_word' id='word_1_140' title='bbox 387 2651 586 2724; x_wconf 83' lang='lat' dir='ltr'>perspexerit</span> <span class='ocrx_word' id='word_1_141' title='bbox 610 2652 728 2710; x_wconf 91' lang='lat' dir='ltr'>omnia.</span> 
     </span>
    </p>

    <p class='ocr_par' dir='ltr' id='par_1_4' title="bbox 278 2743 1447 3066">
     <span class='ocr_line' id='line_1_19' title="bbox 298 2743 1447 2840; baseline 0.001 -17"><span class='ocrx_word' id='word_1_142' title='bbox 298 2743 411 2823; x_wconf 52' lang='lat' dir='ltr'>*Haec</span> <span class='ocrx_word' id='word_1_143' title='bbox 446 2765 534 2824; x_wconf 89' lang='lat' dir='ltr'>addit</span> <span class='ocrx_word' id='word_1_144' title='bbox 568 2764 707 2824; x_wconf 79' lang='lat' dir='ltr'>Thraso:</span> <span class='ocrx_word' id='word_1_145' title='bbox 747 2765 849 2839; x_wconf 90' lang='lat' dir='ltr'>,mori</span> <span class='ocrx_word' id='word_1_146' title='bbox 883 2780 936 2824; x_wconf 92' lang='lat' dir='ltr'>me</span> <span class='ocrx_word' id='word_1_147' title='bbox 971 2765 1121 2840; x_wconf 89' lang='lat' dir='ltr'>satiust,”</span> <span class='ocrx_word' id='word_1_148' title='bbox 1158 2766 1254 2838; x_wconf 86' lang='lat' dir='ltr'>atque</span> <span class='ocrx_word' id='word_1_149' title='bbox 1289 2766 1349 2824; x_wconf 91' lang='lat' dir='ltr'>hoc</span> <span class='ocrx_word' id='word_1_150' title='bbox 1383 2766 1447 2824; x_wconf 82' lang='lat' dir='ltr'>fere</span> 
     </span>
     <span class='ocr_line' id='line_1_20' title="bbox 278 2877 1447 2952; baseline 0 -16"><span class='ocrx_word' id='word_1_151' title='bbox 278 2879 413 2937; x_wconf 87' lang='lat' dir='ltr'>annotat</span> <span class='ocrx_word' id='word_1_152' title='bbox 433 2877 628 2937; x_wconf 85' lang='lat' dir='ltr'>Scholiasta:</span> <span class='ocrx_word' id='word_1_153' title='bbox 653 2879 763 2952; x_wconf 87' lang='lat' dir='ltr'>„quasi</span> <span class='ocrx_word' id='word_1_154' title='bbox 783 2893 860 2937; x_wconf 88' lang='lat' dir='ltr'>vero</span> <span class='ocrx_word' id='word_1_155' title='bbox 880 2879 919 2936; x_wconf 88' lang='lat' dir='ltr'>ad</span> <span class='ocrx_word' id='word_1_156' title='bbox 939 2878 1079 2952; x_wconf 90' lang='lat' dir='ltr'>iurgium</span> <span class='ocrx_word' id='word_1_157' title='bbox 1100 2893 1174 2937; x_wconf 90' lang='lat' dir='ltr'>curn</span> <span class='ocrx_word' id='word_1_158' title='bbox 1194 2879 1314 2938; x_wconf 82' lang='lat' dir='ltr'>Thaide</span> <span class='ocrx_word' id='word_1_159' title='bbox 1334 2879 1447 2938; x_wconf 88' lang='lat' dir='ltr'>mortis</span> 
     </span>
     <span class='ocr_line' id='line_1_21' title="bbox 279 2993 668 3066; baseline 0 -16"><span class='ocrx_word' id='word_1_160' title='bbox 279 2993 466 3065; x_wconf 88' lang='lat' dir='ltr'>contemptu</span> <span class='ocrx_word' id='word_1_161' title='bbox 489 3007 569 3066; x_wconf 90' lang='lat' dir='ltr'>opus</span> <span class='ocrx_word' id='word_1_162' title='bbox 593 2993 668 3051; x_wconf 89' lang='lat' dir='ltr'>sit.”</span> 
     </span>
    </p>

    <p class='ocr_par' dir='ltr' id='par_1_5' title="bbox 278 3105 1448 3634">
     <span class='ocr_line' id='line_1_22' title="bbox 326 3105 1446 3181; baseline 0.001 -18"><span class='ocrx_word' id='word_1_163' title='bbox 326 3151 339 3180; x_wconf 93' lang='lat'>„</span> <span class='ocrx_word' id='word_1_164' title='bbox 347 3105 488 3181; x_wconf 90' lang='lat' dir='ltr'>Simalio,</span> <span class='ocrx_word' id='word_1_165' title='bbox 510 3106 632 3181; x_wconf 85' lang='lat' dir='ltr'>Donax,</span> <span class='ocrx_word' id='word_1_166' title='bbox 655 3106 791 3180; x_wconf 77' lang='lat' dir='ltr'>Syrisce,</span> <span class='ocrx_word' id='word_1_167' title='bbox 814 3105 1008 3178; x_wconf 88' lang='lat' dir='ltr'>sequimini”</span> <span class='ocrx_word' id='word_1_168' title='bbox 1030 3105 1151 3164; x_wconf 88' lang='lat' dir='ltr'>clamat</span> <span class='ocrx_word' id='word_1_169' title='bbox 1169 3105 1265 3164; x_wconf 90' lang='lat' dir='ltr'>miles</span> <span class='ocrx_word' id='word_1_170' title='bbox 1286 3110 1344 3175; x_wconf 82' lang='lat' dir='ltr'>(vs.</span> <span class='ocrx_word' id='word_1_171' title='bbox 1363 3107 1446 3175; x_wconf 76' lang='lat'><strong>772).</strong></span> 
     </span>
     <span class='ocr_line' id='line_1_23' title="bbox 278 3218 1448 3293; baseline -0.002 -15"><span class='ocrx_word' id='word_1_172' title='bbox 278 3219 414 3293; x_wconf 83' lang='lat' dir='ltr'>Egregia</span> <span class='ocrx_word' id='word_1_173' title='bbox 436 3221 486 3279; x_wconf 88' lang='lat' dir='ltr'>est</span> <span class='ocrx_word' id='word_1_174' title='bbox 510 3221 548 3278; x_wconf 89' lang='lat' dir='ltr'>ad</span> <span class='ocrx_word' id='word_1_175' title='bbox 573 3220 658 3278; x_wconf 92' lang='lat' dir='ltr'>hunc</span> <span class='ocrx_word' id='word_1_176' title='bbox 680 3219 788 3278; x_wconf 90' lang='lat' dir='ltr'>locum</span> <span class='ocrx_word' id='word_1_177' title='bbox 812 3218 1010 3278; x_wconf 72' lang='lat' dir='ltr'>scholiastae</span> <span class='ocrx_word' id='word_1_178' title='bbox 1031 3219 1213 3278; x_wconf 88' lang='lat' dir='ltr'>annotatio:</span> <span class='ocrx_word' id='word_1_179' title='bbox 1237 3219 1448 3292; x_wconf 89' lang='lat' dir='ltr'>,Huiusmodi</span> 
     </span>
     <span class='ocr_line' id='line_1_24' title="bbox 278 3333 1446 3408; baseline 0 -16"><span class='ocrx_word' id='word_1_180' title='bbox 278 3333 397 3392; x_wconf 88' lang='lat' dir='ltr'>militia</span> <span class='ocrx_word' id='word_1_181' title='bbox 420 3349 476 3407; x_wconf 86' lang='lat' dir='ltr'>per</span> <span class='ocrx_word' id='word_1_182' title='bbox 499 3334 677 3392; x_wconf 92' lang='lat' dir='ltr'>tumultum</span> <span class='ocrx_word' id='word_1_183' title='bbox 701 3334 832 3406; x_wconf 89' lang='lat' dir='ltr'>repente</span> <span class='ocrx_word' id='word_1_184' title='bbox 852 3333 1027 3406; x_wconf 90' lang='lat' dir='ltr'>suscipitur</span> <span class='ocrx_word' id='word_1_185' title='bbox 1047 3335 1079 3391; x_wconf 89' lang='lat' dir='ltr'>et</span> <span class='ocrx_word' id='word_1_186' title='bbox 1098 3333 1215 3392; x_wconf 90' lang='lat' dir='ltr'>dicitur</span> <span class='ocrx_word' id='word_1_187' title='bbox 1235 3333 1446 3408; x_wconf 87' lang='lat' dir='ltr'>evocatio,</span> 
     </span>
     <span class='ocr_line' id='line_1_25' title="bbox 278 3446 1448 3521; baseline -0.002 -15"><span class='ocrx_word' id='word_1_188' title='bbox 278 3447 332 3506; x_wconf 90' lang='lat' dir='ltr'>ubi</span> <span class='ocrx_word' id='word_1_189' title='bbox 367 3448 433 3505; x_wconf 80' lang='lat' dir='ltr'>dux</span> <span class='ocrx_word' id='word_1_190' title='bbox 467 3447 640 3521; x_wconf 89' lang='lat' dir='ltr'>alloquitur</span> <span class='ocrx_word' id='word_1_191' title='bbox 675 3448 779 3506; x_wconf 91' lang='lat' dir='ltr'>cives:</span> <span class='ocrx_word' id='word_1_192' title='bbox 816 3447 884 3520; x_wconf 90' lang='lat' dir='ltr'>qui</span> <span class='ocrx_word' id='word_1_193' title='bbox 919 3462 1002 3505; x_wconf 89' lang='lat' dir='ltr'>rem</span> <span class='ocrx_word' id='word_1_194' title='bbox 1037 3446 1251 3519; x_wconf 88' lang='lat' dir='ltr'>publicam</span> <span class='ocrx_word' id='word_1_195' title='bbox 1286 3446 1448 3505; x_wconf 88' lang='lat' dir='ltr'>salvam</span> 
     </span>
     <span class='ocr_line' id='line_1_26' title="bbox 278 3560 1092 3634; baseline -0.001 -15"><span class='ocrx_word' id='word_1_196' title='bbox 278 3560 416 3619; x_wconf 86' lang='lat' dir='ltr'>vultis</span> <span class='ocrx_word' id='word_1_197' title='bbox 447 3576 507 3620; x_wconf 90' lang='lat' dir='ltr'>me</span> <span class='ocrx_word' id='word_1_198' title='bbox 539 3561 780 3634; x_wconf 89' lang='lat' dir='ltr'>sequimini.</span> <span class='ocrx_word' id='word_1_199' title='bbox 806 3560 898 3619; x_wconf 91' lang='lat' dir='ltr'>Unde</span> <span class='ocrx_word' id='word_1_200' title='bbox 922 3560 1092 3633; x_wconf 87' lang='lat' dir='ltr'>Virgilius:</span> 
     </span>
    </p>

    <p class='ocr_par' dir='ltr' id='par_1_6' title="bbox 883 3674 1183 3746">
     <span class='ocr_line' id='line_1_27' title="bbox 883 3674 1183 3746; baseline 0 -14"><span class='ocrx_word' id='word_1_201' title='bbox 883 3675 1078 3746; x_wconf 87' lang='lat' dir='ltr'>desuetaque</span> <span class='ocrx_word' id='word_1_202' title='bbox 1100 3674 1183 3733; x_wconf 93' lang='lat' dir='ltr'>bello</span> 
     </span>
    </p>

    <p class='ocr_par' dir='ltr' id='par_1_7' title="bbox 412 3786 1366 3862">
     <span class='ocr_line' id='line_1_28' title="bbox 412 3786 1366 3862; baseline 0 -16"><span class='ocrx_word' id='word_1_203' title='bbox 412 3788 552 3861; x_wconf 88' lang='lat' dir='ltr'>Agmina</span> <span class='ocrx_word' id='word_1_204' title='bbox 576 3789 609 3847; x_wconf 91' lang='lat' dir='ltr'>in</span> <span class='ocrx_word' id='word_1_205' title='bbox 633 3803 724 3847; x_wconf 88' lang='lat' dir='ltr'>arma</span> <span class='ocrx_word' id='word_1_206' title='bbox 747 3790 842 3848; x_wconf 87' lang='lat' dir='ltr'>vocat</span> <span class='ocrx_word' id='word_1_207' title='bbox 864 3787 971 3846; x_wconf 88' lang='lat' dir='ltr'>subito</span> <span class='ocrx_word' id='word_1_208' title='bbox 994 3786 1178 3860; x_wconf 86' lang='lat' dir='ltr'>ferrumque</span> <span class='ocrx_word' id='word_1_209' title='bbox 1202 3788 1366 3862; x_wconf 87' lang='lat' dir='ltr'>retractat,</span> 
     </span>
    </p>

    <p class='ocr_par' dir='ltr' id='par_1_8' title="bbox 279 3895 1450 4545">
     <span class='ocr_line' id='line_1_29' title="bbox 412 3895 1315 3975; baseline 0 -17"><span class='ocrx_word' id='word_1_210' title='bbox 412 3901 484 3975; x_wconf 88' lang='lat' dir='ltr'>ipse</span> <span class='ocrx_word' id='word_1_211' title='bbox 504 3903 600 3960; x_wconf 87' lang='lat' dir='ltr'>vocat</span> <span class='ocrx_word' id='word_1_212' title='bbox 623 3916 763 3975; x_wconf 90' lang='lat' dir='ltr'>pugnas:</span> <span class='ocrx_word' id='word_1_213' title='bbox 789 3902 934 3974; x_wconf 88' lang='lat' dir='ltr'>sequitur</span> <span class='ocrx_word' id='word_1_214' title='bbox 958 3895 1041 3959; x_wconf 83' lang='lat' dir='ltr'>tum&#39;</span> <span class='ocrx_word' id='word_1_215' title='bbox 1054 3902 1160 3959; x_wconf 89' lang='lat' dir='ltr'>cetera</span> <span class='ocrx_word' id='word_1_216' title='bbox 1183 3900 1315 3974; x_wconf 81' lang='lat' dir='ltr'>pubes”</span> 
     </span>
     <span class='ocr_line' id='line_1_30' title="bbox 279 4014 1448 4088; baseline -0.001 -15"><span class='ocrx_word' id='word_1_217' title='bbox 279 4015 383 4073; x_wconf 89' lang='lat' dir='ltr'>Minae</span> <span class='ocrx_word' id='word_1_218' title='bbox 411 4014 586 4073; x_wconf 90' lang='lat' dir='ltr'>Thrasonis</span> <span class='ocrx_word' id='word_1_219' title='bbox 609 4015 670 4073; x_wconf 91' lang='lat' dir='ltr'>hae</span> <span class='ocrx_word' id='word_1_220' title='bbox 694 4016 786 4072; x_wconf 92' lang='lat' dir='ltr'>sunt:</span> <span class='ocrx_word' id='word_1_221' title='bbox 815 4014 976 4088; x_wconf 87' lang='lat' dir='ltr'>„primum</span> <span class='ocrx_word' id='word_1_222' title='bbox 1000 4015 1089 4073; x_wconf 91' lang='lat' dir='ltr'>aedis</span> <span class='ocrx_word' id='word_1_223' title='bbox 1113 4014 1342 4087; x_wconf 83' lang='lat' dir='ltr'>expugnabo&#39;&#39;;</span> <span class='ocrx_word' id='word_1_224' title='bbox 1370 4015 1448 4088; x_wconf 85' lang='lat' dir='ltr'>,vir-</span> 
     </span>
     <span class='ocr_line' id='line_1_31' title="bbox 279 4127 1449 4203; baseline 0 -17"><span class='ocrx_word' id='word_1_225' title='bbox 279 4129 387 4202; x_wconf 91' lang='lat' dir='ltr'>ginem</span> <span class='ocrx_word' id='word_1_226' title='bbox 415 4129 588 4202; x_wconf 89' lang='lat' dir='ltr'>eripiam;”</span> <span class='ocrx_word' id='word_1_227' title='bbox 617 4128 722 4203; x_wconf 91' lang='lat' dir='ltr'>„male</span> <span class='ocrx_word' id='word_1_228' title='bbox 745 4128 893 4187; x_wconf 88' lang='lat' dir='ltr'>mulcabo</span> <span class='ocrx_word' id='word_1_229' title='bbox 917 4129 1055 4202; x_wconf 87' lang='lat' dir='ltr'>ipsam.&#39;’</span> <span class='ocrx_word' id='word_1_230' title='bbox 1081 4127 1167 4202; x_wconf 79' lang='lat' dir='ltr'>Quae</span> <span class='ocrx_word' id='word_1_231' title='bbox 1190 4128 1235 4186; x_wconf 92' lang='lat' dir='ltr'>sit</span> <span class='ocrx_word' id='word_1_232' title='bbox 1257 4127 1353 4186; x_wconf 89' lang='lat' dir='ltr'>huius</span> <span class='ocrx_word' id='word_1_233' title='bbox 1377 4143 1449 4186; x_wconf 90' lang='lat' dir='ltr'>enu-</span> 
     </span>
     <span class='ocr_line' id='line_1_32' title="bbox 279 4237 1449 4316; baseline 0 -16"><span class='ocrx_word' id='word_1_234' title='bbox 279 4243 469 4301; x_wconf 90' lang='lat' dir='ltr'>merationis</span> <span class='ocrx_word' id='word_1_235' title='bbox 499 4243 655 4301; x_wconf 88' lang='lat' dir='ltr'>venustas</span> <span class='ocrx_word' id='word_1_236' title='bbox 686 4243 778 4300; x_wconf 88' lang='lat' dir='ltr'>docet</span> <span class='ocrx_word' id='word_1_237' title='bbox 809 4237 989 4301; x_wconf 84' lang='lat' dir='ltr'>Scholiasta</span> <span class='ocrx_word' id='word_1_238' title='bbox 1016 4241 1076 4300; x_wconf 91' lang='lat' dir='ltr'>hac</span> <span class='ocrx_word' id='word_1_239' title='bbox 1100 4241 1324 4300; x_wconf 88' lang='lat' dir='ltr'>annotatione:</span> <span class='ocrx_word' id='word_1_240' title='bbox 1352 4240 1449 4316; x_wconf 88' lang='lat' dir='ltr'>,Vide</span> 
     </span>
     <span class='ocr_line' id='line_1_33' title="bbox 280 4339 1450 4429; baseline -0.002 -15"><span class='ocrx_word' id='word_1_241' title='bbox 280 4356 424 4414; x_wconf 89' lang='lat' dir='ltr'>ordinem</span> <span class='ocrx_word' id='word_1_242' title='bbox 455 4355 539 4414; x_wconf 89' lang='lat' dir='ltr'>belli.</span> <span class='ocrx_word' id='word_1_243' title='bbox 572 4355 680 4414; x_wconf 88' lang='lat' dir='ltr'>Primo</span> <span class='ocrx_word' id='word_1_244' title='bbox 712 4339 907 4429; x_wconf 83' lang='lat' dir='ltr'>expugnatio</span> <span class='ocrx_word' id='word_1_245' title='bbox 938 4355 1120 4428; x_wconf 87' lang='lat' dir='ltr'>moenium;</span> <span class='ocrx_word' id='word_1_246' title='bbox 1153 4356 1224 4414; x_wconf 90' lang='lat' dir='ltr'>tum</span> <span class='ocrx_word' id='word_1_247' title='bbox 1252 4355 1450 4428; x_wconf 87' lang='lat' dir='ltr'>recuperatio</span> 
     </span>
     <span class='ocr_line' id='line_1_34' title="bbox 280 4469 1238 4545; baseline -0.005 -15"><span class='ocrx_word' id='word_1_248' title='bbox 280 4471 447 4544; x_wconf 87' lang='lat' dir='ltr'>captarum</span> <span class='ocrx_word' id='word_1_249' title='bbox 471 4485 596 4542; x_wconf 88' lang='lat' dir='ltr'>rerum;</span> <span class='ocrx_word' id='word_1_250' title='bbox 622 4469 753 4528; x_wconf 91' lang='lat' dir='ltr'>demum</span> <span class='ocrx_word' id='word_1_251' title='bbox 775 4484 878 4545; x_wconf 88' lang='lat' dir='ltr'>poena</span> <span class='ocrx_word' id='word_1_252' title='bbox 900 4469 1130 4544; x_wconf 88' lang='lat' dir='ltr'>praedonum.”</span> <span class='ocrx_word' id='word_1_253' title='bbox 1236 4499 1238 4504; x_wconf 94' lang='lat'>·</span> 
     </span>
    </p>
   </div>
   <div class='ocr_carea' id='block_1_3' title="bbox 0 0 1634 5268">
    <p class='ocr_par' dir='ltr' id='par_1_9' title="bbox 0 0 1634 5268">
     <span class='ocr_line' id='line_1_35' title="bbox 0 0 1634 5268; baseline 0 0"><span class='ocrx_word' id='word_1_254' title='bbox 0 0 1634 5268; x_wconf 95' lang='lat' dir='ltr'> </span> 
     </span>
    </p>
   </div>
  </div>
 </body>
</html>
