3230 5260
735 633 774 690 71

579 869 688 927 Aeros
711 867 740 924 V
764 867 871 928 Souna
896 869 926 928 4.

212 1055 377 1114 Accedens
396 1055 555 1116 Parmeno
575 1056 641 1114 iam
661 1056 801 1114 laetatur
820 1056 914 1114 laude
934 1071 1031 1128 quam
1052 1055 1120 1130 ipse
1132 1055 1175 1114 sit
1188 1057 1339 1128 capturus

169 1169 196 1227 si
216 1169 298 1242 apud
318 1168 475 1228 Thaidem
491 1185 543 1228 res
555 1168 691 1228 feliciter
704 1167 864 1228 Chaereae
877 1170 1020 1228 cesserit.
1034 1169 1074 1227 Et
1086 1169 1154 1228 iure
1167 1185 1186 1227 a
1199 1168 1340 1228 Chaerea

168 1283 307 1356 pretium
337 1283 582 1356 praemiumque
613 1284 790 1356 exspectat,
823 1297 925 1355 neque
957 1298 1013 1341 cur
1036 1284 1204 1356 exspectet
1226 1282 1339 1341 multis

168 1395 273 1474 verbis
304 1412 418 1456 sumus
449 1396 591 1456 docendi.
616 1396 739 1455 Tamen
762 1395 907 1469 sequitur
930 1395 1141 1455 Parmenonis
1164 1396 1338 1470 disputatio

167 1510 349 1582 quindecim
392 1525 547 1590 versuum
593 1509 812 1568 insulsissima
856 1512 889 1568 et
922 1509 980 1568 vix
1013 1509 1152 1569 ferenda.
1191 1509 1271 1567 Sunt
1305 1507 1339 1566 hi

168 1623 381 1693 (eae-mot:

332 1738 416 1796 Nam
438 1739 475 1796 ut
498 1738 630 1797 mittam
654 1737 738 1810 quod
762 1738 792 1795 ei
815 1752 960 1796 amorem
981 1736 1206 1795 difficillimum

335 1850 556 1925 Carissimum,
583 1850 621 1910 ab
644 1851 814 1910 meretrice
838 1865 936 1909 avara
959 1850 1119 1923 virginem

332 1964 435 2039 Quom
455 1965 595 2039 amabat,
621 1979 696 2024 eum
720 1964 842 2023 confeci
864 1964 935 2022 sine
957 1962 1108 2022 molestia

334 2079 408 2138 Sine
432 2081 574 2154 sumptu,
600 2078 669 2137 sine
694 2077 875 2151 dispendio:
901 2079 972 2137 tum
996 2078 1057 2137 hoc
1080 2077 1228 2152 alterum,
1331 2063 1337 2076 ’

233 2192 307 2251 930.
332 2192 367 2250 ld
390 2194 501 2251 verost
524 2193 607 2265 quod
630 2207 689 2265 ego
712 2191 794 2249 mihi
820 2193 897 2265 puto
920 2191 1115 2265 palmarium

332 2303 381 2364 Me
404 2304 593 2380 repperisse,
618 2320 680 2378 quo
704 2305 799 2365 modo
823 2293 1082 2364 adolescentulus

332 2419 538 2478 Meretricum
562 2419 691 2492 ingenia
714 2421 747 2478 et
769 2433 877 2477 mores
901 2420 1012 2492 posset
1034 2433 1175 2494 noscere,

333 2533 456 2592 Mature
479 2534 516 2591 ut
540 2548 637 2606 quom
662 2533 806 2606 cognorit
829 2534 982 2606 perpetuo
1006 2533 1117 2592 oderit.

332 2646 418 2720 Quae
442 2648 519 2707 dum
542 2647 620 2706 ioris
643 2649 729 2721 sunt,
755 2646 800 2705 nil
823 2646 950 2705 videtur
973 2647 1125 2706 mundius

232 2762 306 2820 935.
331 2761 396 2820 Nec
419 2761 525 2834 magis
549 2762 765 2837 compositum
784 2761 956 2835 quicquam
981 2776 1040 2821 nec
1062 2763 1168 2836 magis
1188 2763 1334 2836 elegans:

332 2874 418 2949 Quae
443 2891 517 2935 cum
541 2859 686 2934 amatore
710 2891 769 2934 suo
793 2890 867 2934 cum
893 2877 1009 2934 cenant
1032 2874 1212 2948 ligurriunt.

332 2989 458 3048 Harum
482 2989 590 3048 videre
614 2989 770 3048 inluviem
794 2989 904 3048 sordes
928 2988 1079 3063 inopiam,

332 3100 435 3175 Quam
459 3101 648 3161 inhonestae
672 3102 760 3161 solae
784 3103 850 3160 sint
873 3102 960 3161 dorni
985 3104 1081 3175 atque
1105 3103 1217 3161 avidae
1242 3103 1312 3178 cibi,

333 3215 399 3290 Quo
422 3218 516 3290 pacto
541 3232 582 3275 ex
605 3217 674 3275 iure
696 3217 848 3276 hesterno
872 3231 990 3290 panem
1014 3218 1121 3275 atrum
1145 3217 1268 3290 vorent,

232 3330 306 3388 940.
331 3330 433 3390 Nosse
457 3331 567 3390 omnia
589 3331 669 3389 haec
692 3330 781 3388 salus
805 3332 855 3389 est
878 3329 1135 3389 adolescentulis,

167 3442 283 3502 Totum
306 3443 367 3503 hoc
387 3459 406 3502 a
425 3443 636 3503 Parmenonis
657 3443 789 3503 consilio
810 3443 1056 3502 alienissimum.
1078 3442 1164 3502 Satis
1185 3444 1337 3516 estquod

167 3572 210 3632 se,
232 3557 260 3615 si
280 3572 332 3616 res
350 3572 502 3632 prospere
522 3557 664 3643 cesserit,
686 3558 852 3616 auctorem
871 3557 971 3615 fuisse
992 3556 1136 3616 dicturus
1153 3558 1212 3631 est,
1227 3559 1338 3616 contra

168 3685 309 3743 eaquae
337 3685 356 3729 a
380 3669 523 3729 Chaerea
545 3671 661 3744 petivit
683 3686 732 3729 vs.
757 3671 831 3729 390.
856 3670 892 3728 ld
916 3671 1046 3742 quidem
1069 3670 1163 3744 plane
1188 3671 1338 3729 convenit

167 3785 300 3842 naturae
328 3783 407 3863 eius.
433 3783 494 3842 Sed
518 3799 632 3843 curse
656 3798 741 3842 nunc
763 3799 893 3843 morum
916 3784 1073 3843 bonorum
1096 3785 1337 3857 praeceptorem

167 3893 281 3970 fingit?
312 3896 351 3956 Et
383 3898 530 3971 egregius
560 3897 614 3956 ille
645 3900 832 3971 praeceptor
863 3899 913 3956 est
944 3897 1007 3972 qui,
1039 3898 1075 3956 ut
1100 3896 1337 3956 adolescentulo

169 4010 275 4070 odium
314 4012 347 4069 et
385 4012 607 4084 contemptum
642 4011 852 4070 meretricum
887 4011 1030 4085 inspiret,
1067 4010 1114 4068 illi
1148 4009 1337 4068 facultatem

168 4123 297 4195 praebet
328 4124 411 4198 apud
442 4124 646 4183 meretricem
674 4139 805 4183 summa
827 4124 993 4197 voluptate
1017 4123 1158 4182 fruendi!
1183 4122 1228 4180 Ut
1249 4123 1337 4180 canis

169 4251 187 4294 a
210 4237 294 4297 corio
319 4252 485 4310 nunquam
504 4237 735 4297 absterrebitur
754 4239 860 4297 uncto.
881 4237 1014 4296 Accedit
1034 4235 1116 4308 quod
1136 4235 1233 4293 Thais
1254 4235 1337 4294 inter

170 4352 354 4410 meretrices
378 4351 565 4425 exemplum
588 4351 720 4410 virtutis
744 4354 803 4426 est,
829 4367 910 4424 quae
929 4364 1008 4409 mox
1027 4364 1083 4422 pro
1103 4349 1229 4407 meritis
1249 4363 1336 4422 prae-

170 4463 271 4524 mium
298 4464 442 4538 accipiet.
467 4464 609 4523 Inseruit
631 4464 737 4523 locum
761 4462 927 4523 inficetum
952 4461 1067 4535 aliquis
1090 4461 1216 4535 probior
1240 4477 1338 4534 quam
