3254 5274
860 657 901 717 64

285 861 389 906 suam.
414 845 474 905 Hic
498 846 593 905 miles
617 861 713 906 suum
737 846 828 904 hem
852 847 884 904 61
907 846 977 904 hui
997 845 1181 920 interponit,
1203 861 1293 921 quae,
1314 849 1456 906 1116616

285 963 377 1020 docet
408 962 597 1037 Scholiasta,
630 977 751 1020 sannae
778 963 855 1019 sunt
878 961 1034 1020 adversus
1058 976 1113 1019 eos
1137 960 1252 1034 quibus
1276 961 1454 1020 irascimur.

284 1075 418 1150 Egregie
437 1077 507 1135 tota
526 1076 587 1134 hae
606 1091 703 1134 scena
722 1075 818 1136 miles
838 1076 870 1134 et
883 1073 1046 1148 Chremes,
1061 1075 1138 1132 dum
1151 1075 1283 1133 interae
1295 1075 1454 1148 metuunt,

285 1188 426 1248 convitia
460 1188 590 1248 iactant.
626 1189 778 1262 Denique,
811 1187 866 1246 ubi
896 1187 1051 1247 Chremes
1081 1188 1326 1247 minitabundus
1357 1187 1455 1246 dixit:

287 1303 439 1374 ,tangere
462 1303 495 1360 te
519 1317 592 1360 eam
615 1302 819 1376 prohibebo,'’
845 1301 958 1360 callide
981 1302 1042 1360 hoc
1061 1303 1231 1375 tamquam
1250 1303 1456 1375 praetextum

285 1413 416 1473 finiendi
442 1415 494 1474 161
518 1416 636 1474 saltem
660 1415 826 1474 differendi
850 1415 945 1488 iurgii
968 1415 1080 1488 arripit
1104 1414 1231 1473 Gnatho
1255 1416 1303 1473 et:
1332 1413 1456 1488 ,Audin

284 1530 344 1586 tu?
364 1528 417 1588 hic
435 1528 513 1588 furti
533 1545 567 1587 66
588 1529 717 1604 adligat,
732 1532 784 1588 sat
796 1530 857 1588 hoc
868 1528 981 1588 tibist'’
996 1528 1042 1587 ait
1055 1532 1113 1596 (vs.
1129 1528 1213 1597 809).
1227 1525 1289 1586 Η16
1301 1526 1455 1586 Thaidem

284 1641 380 1700 miles
410 1641 518 1715 rogat':
554 1643 664 1717 ,ldem
687 1644 748 1702 hoc
770 1645 815 1718 tu,
841 1642 984 1700 Thais?’'
1010 1643 1043 1700 at
1067 1641 1138 1700 illa:
1167 1640 1309 1714 „Quaere
1334 1640 1386 1713 qui
1410 1655 1454 1698 re-

284 1756 471 1828 spondeat.”
503 1756 602 1815 Recte
634 1757 814 1815 Scholiasta
845 1758 996 1815 annotat:
1027 1755 1150 1830 ,ipsam
1177 1754 1456 1813 circumventurus

285 1869 477 1943 interrogat:
510 1871 593 1943 quod
625 1870 680 1928 illa
711 1870 894 1942 intelligens
925 1869 1088 1928 malitiose
1119 1868 1181 1926 ait:
1210 1882 1364 1940 quaere
1389 1865 1456 1939 qui

284 1983 571 2056 respondeat.'’

329 2096 474 2155 Proiecto
498 2097 538 2155 ad
562 2096 721 2155 nutricem
742 2095 911 2155 Chremeta
933 2111 1030 2168 quam
1050 2102 1102 2153 rou
1124 2091 1352 2172 ἁναγνωρισμοῦ
1373 2089 1455 2151 ἕνεκα

285 2209 480 2268 adducturus
511 2211 570 2284 est,
602 2210 698 2268 miles
725 2225 850 2283 quoque
874 2209 1045 2268 16161116
1069 2209 1199 2283 quidem
1223 2209 1398 2282 quidquam
1420 2222 1455 2265 se

284 2320 435 2396 proficere
470 2323 583 2381 videns
618 2323 762 2398 discedit,
798 2323 850 2382 161
880 2324 987 2397 potius
1018 2339 1037 2382 a
1071 2322 1240 2381 Gnathone
1271 2323 1310 2380 ad
1343 2335 1454 2381 cenam

284 2436 459 2495 retrahitur
493 2453 591 2510 seque
627 2437 665 2496 ab
697 2437 751 2496 illo
781 2437 902 2510 placari
933 2437 1063 2510 patitur.
1096 2437 1205 2508 Neque
1236 2438 1348 2495 tamen
1378 2449 1454 2494 suae

284 2549 403 2609 oblitus
445 2551 612 2624 dignitatis
655 2551 834 2610 exercitum
869 2567 966 2609 suum
1001 2551 1145 2626 dimittit,
1182 2551 1454 2622 sollemnibusque

285 2663 425 2736 Sangam
449 2664 622 2737 alloquitur
644 2664 751 2723 verbis
776 2666 850 2733 (814
875 2669 951 2737 sqq:

845 2779 959 2853 Sanga,
986 2779 1032 2837 ita
1055 2780 1091 2837 ut
1114 2778 1207 2837 fortis
1232 2779 1324 2837 decet

460 2891 588 2966 Milites,
614 2892 700 2951 domi
723 2891 848 2965 focique
871 2891 922 2950 166
944 2891 1091 2950 vicissim
1114 2893 1151 2950 ut
1174 2892 1373 2950 memineris

328 3003 431 3078 Quam
454 3007 560 3079 lepida
583 3007 616 3064 ln
639 3021 717 3064 1666
740 3006 887 3065 1661611
912 3004 1453 3080 1616116661166611116111116116

283 3133 420 3192 coquum
445 3135 516 3178 6666
541 3121 683 3193 Sangam
705 3120 807 3178 illum.
833 3119 894 3178 Hic
916 3135 1010 3179 vero:

550 3234 765 3292 Iamdudum
789 3234 918 3292 animus
942 3234 1047 3292 estin
1071 3232 1200 3306 patinis.

283 3346 323 3405 Et
347 3346 472 3406 Gnatho
496 3347 612 3421 ,Frugi
632 3348 698 3405 es''.
720 3346 839 3418 lisdem
859 3346 966 3404 verbis
987 3345 1163 3405 Chaeream
1183 3346 1294 3405 laudat
1314 3346 1452 3420 Antipho

283 3475 331 3518 16.
364 3461 427 3518 608
460 3461 554 3533 idque
585 3460 624 3519 ob
656 3459 792 3518 eandem
822 3475 901 3533 rem,
934 3449 1050 3532 nempe
1081 3460 1164 3532 quod
1196 3475 1313 3519 coenae
1345 3475 1452 3545 curam

282 3573 409 3632 habeat.
441 3573 584 3647 Denique
614 3588 734 3647 magna
763 3587 842 3633 1666
873 3573 1034 3632 clamante
1065 3574 1185 3632 milite:
1217 3589 1295 3648 ,vos
1318 3588 1372 3632 me
1395 3573 1452 3631 hac

283 3686 477 3759 sequimini”
503 3686 615 3756 (utitur
639 3689 749 3746 autem
774 3687 886 3746 eodem
910 3686 964 3745 illo
988 3687 1235 3761 sequimini,
1262 3703 1323 3760 quo
1348 3686 1452 3761 copias

283 3801 444 3859 adducens
467 3817 546 3860 usus
570 3803 658 3876 erat),
684 3801 771 3859 illius
795 3801 928 3859 domum
952 3800 1072 3859 abeunt
1093 3816 1216 3859 6111166.
