3234 5254
783 692 844 749 196

267 879 318 938 26.
343 879 514 938 Exclamat
537 877 744 952 Pamphilus:

356 993 458 1068 Quam
481 993 665 1052 fortunatus
688 993 804 1050 ceteris
827 1006 902 1051 sum
926 993 1030 1067 rebus
1056 993 1176 1065 absque
1199 1007 1265 1052 una
1290 993 1351 1053 hac

1288 1107 1403 1177 [forett

222 1219 329 1279 Facile
359 1219 550 1294 intelligitur
580 1219 769 1293 pronomine
800 1218 876 1278 hac
907 1219 978 1288 (1.3.
1011 1219 1087 1279 hac
1113 1223 1165 1290 re)
1189 1220 1404 1295 Pamphilum

222 1332 403 1407 significare
433 1332 551 1398 vitium
577 1332 672 1392 uxori
695 1347 773 1391 suae
796 1332 875 1391 olim
899 1331 1053 1393 oblatum.
1079 1332 1149 1392 Non
1172 1335 1284 1393 tamen
1307 1333 1403 1393 intel-

222 1446 372 1505 lexerunt
402 1446 495 1506 stulti
525 1445 674 1505 homines
705 1446 743 1504 de
775 1445 890 1518 quibus
922 1446 955 1504 in
986 1446 1118 1506 scholiis
1141 1447 1299 1521 legimus:
1326 1447 1406 1522 ,3111

224 1561 299 1621 hac
322 1562 361 1621 de
384 1576 484 1621 uxore
507 1561 569 1621 dici
592 1562 710 1635 putant
731 1561 768 1619 ut
791 1561 949 1633 absque
972 1562 1016 1620 sit
1038 1561 1266 1636 praepositio.”

269 1797 321 1872 IV,
347 1799 376 1872 3,
402 1799 431 1857 7.
455 1799 591 1873 „Pater”
612 1798 802 1872 Pamphilus
823 1797 952 1873 clamat,
975 1799 1007 1857 31
1027 1798 1098 1858 ille:
1122 1799 1217 1873 „quid
1236 1798 1288 1857 vis
1307 1798 1404 1859 Pam·

222 1911 308 1985 phile
316 1913 353 1971 ‘3⁵’
396 1912 595 1971 annotatur:
641 1912 763 1987 „facete
805 1913 934 1985 praesto
977 1913 1074 1985 quid
1116 1913 1182 1972 vis
1217 1913 1403 1986 respondet.

222 2024 375 2084 Potestne
409 2028 580 2100 praesto
611 2025 793 2100 significare
824 2027 1000 2086 statim?
1031 2027 1095 2086 Vix
1126 2027 1287 2087 credibile.
1320 2026 1404 2101 Quid

224 2153 299 2212 ergo
322 2139 383 2197 sibi
407 2140 479 2198 vult
501 2140 670 2199 scholion?

271 2253 320 2311 11.
368 2250 467 2312 Credo
484 2268 522 2312 ea
537 2253 642 2326 gratia
657 2253 830 2312 concordes
846 2253 960 2328 magis,
979 2253 1007 2312 si
1022 2268 1087 2312 non
1098 2253 1263 2327 reducam,
1277 2254 1354 2313 fore.

223 2366 464 2425 Eliminandum
489 2381 560 2424 esse
583 2381 671 2441 non,
696 2368 734 2425 ut
753 2365 874 2424 credo
894 2380 989 2424 suam
1001 2365 1063 2424 sibi
1075 2365 1211 2425 haberet
1223 2367 1293 2426 vim
1306 2366 1402 2426 ironi-

225 2495 307 2555 cam,
332 2481 453 2538 dudum
477 2479 679 2538 intellectum
702 2479 762 2537 est.
787 2477 936 2538 Nondum
960 2478 1086 2538 viderat
1109 2478 1228 2538 scholii
1251 2480 1292 2539 ad
1315 2480 1403 2540 hunc

225 2592 332 2653 locum
356 2594 476 2653 auctor.

273 2709 322 2767 13.
350 2707 487 2781 „Odiosa
505 2707 586 2765 haec
605 2708 656 2764 est
675 2707 765 2764 aetas
786 2704 1066 2764 adolescentulis.”
1089 2705 1182 2764 Senis
1201 2705 1301 2765 verba
1321 2706 1403 2766 haec

225 2822 312 2880 sunt.
332 2820 532 2880 Annotatur:
556 2834 674 2894 „supra
692 2819 726 2877 in
744 2833 917 2893 personam
936 2833 1048 2877 socrus
1068 2818 1197 2893 culpam
1212 2819 1317 2880 iratus
1330 2835 1402 2879 con-

225 2936 344 2995 tulerat
379 2935 573 2995 discordiae:
604 2949 690 2993 nunc
720 2935 753 2993 et
774 2932 869 2992 uxori
899 2933 1046 3007 placatus
1077 2935 1111 2992 et
1140 2934 1235 2993 nurui
1265 2949 1403 3008 parcens

227 3050 373 3110 odiorum
394 3065 527 3110 causam
546 3065 566 3109 3
584 3047 731 3123 personis
750 3046 918 3107 transtulit
938 3047 977 3105 ad
997 3047 1131 3122 3313133,
1153 3047 1210 3106 sed
1230 3047 1277 3107 ita
1289 3049 1402 3108 tamen

225 3168 263 3224 ut
281 3166 387 3239 magis
407 3165 547 3224 iuniores
567 3165 743 3238 accusaret,
765 3163 795 3221 ei
814 3162 853 3221 de
873 3161 1130 3220 adolescentibus
1142 3163 1286 3238 questus,
1301 3178 1402 3235 quum

227 3280 401 3338 miseratur
442 3279 569 3338 senes.'’
604 3276 698 3335 Nullo
732 3275 861 3348 negotio
895 3275 929 3333 in
962 3275 1126 3347 integrum
1160 3274 1221 3333 hoc
1255 3275 1403 3336 scholion

227 3393 355 3451 restitui
396 3393 512 3467 potest.
556 3392 616 3451 Pro
659 3390 695 3449 31
734 3390 821 3448 enim
855 3387 898 3458 (id
932 3388 1016 3460 quod
1049 3387 1116 3446 iam
1150 3388 1278 3447 monuit
1312 3388 1403 3450 Wes-

227 3506 403 3575 terhovius)
450 3509 490 3564 31
536 3504 717 3578 legendum,
760 3517 818 3577 pro
860 3516 982 3575 quum
1023 3500 1273 3561 miseratur:
1318 3518 1403 3562 com-

226 3620 437 3679 miseraretur
452 3611 483 3689 ¹).

271 3843 323 3919 IV,
349 3845 379 3918 4,
405 3844 435 3903 4.
715 3842 899 3917 Opportune
922 3843 955 3902 13
978 3841 1060 3901 mihi

360 3957 524 4032 Phidippo,
549 3957 675 4032 inipso
699 3958 844 4032 tempore
868 3955 1022 4015 ostendis.

228 4072 300 4132 Sch.
333 4071 374 4130 in
404 4071 495 4145 ipso
525 4072 725 4144 tempore]
760 4069 848 4145 „tibi
877 4069 991 4144 idest,
1018 4070 1050 4128 et
1073 4067 1155 4127 mihi
1178 4071 1211 4127 et
1234 4069 1293 4128 tibi
1316 4084 1402 4129 com-

227 4186 321 4245 mode
346 4185 515 4244 evenisti’.
540 4184 635 4242 Haud
658 4183 752 4242 dubie
775 4198 845 4242 rem
869 4197 929 4242 acu
952 4181 1061 4255 tetigit
1079 4180 1325 4257 Westerhovius
1344 4197 1404 4256 pro

228 4299 418 4358 evenisti
438 4299 582 4358 scribens
602 4297 775 4357 venisti.
796 4297 967 4356 Praeterea
987 4296 1190 4369 expungatur
1201 4295 1291 4369 prius
1309 4294 1402 4355 tibi.

257 4545 272 4594 ¹)
286 4545 321 4587 Do
335 4541 478 4595 praeteritis
492 4541 518 4584 ln
532 4538 675 4584 huiusmodi
690 4537 751 4583 locis
765 4550 788 4582 v.
804 4549 826 4591 p.
840 4540 873 4582 75.
