3230 5260
728 625 788 684 151

169 811 300 886 sectam,
336 810 567 886 Chrysidisque
601 811 824 886 hereditatem,
857 826 939 883 quae
971 793 1118 884 Glycerio
1140 813 1270 870 mortua
1292 812 1345 870 vel

169 926 314 998 proiecta
343 927 411 986 iure
443 927 544 1001 ipsius
575 926 627 1001 sit,
653 942 672 985 a
695 926 818 999 Myside
842 925 975 999 eiusque
998 926 1163 986 conservis
1188 925 1345 985 comedi.’'

214 1151 251 1227 V,
278 1153 307 1229 2,
329 1155 358 1212 6.
381 1152 527 1212 Omnia
551 1153 756 1226 apparata
780 1152 861 1210 iam
881 1154 980 1211 sunt
1000 1152 1155 1223 intus]:
1180 1153 1275 1227 ,quia
1298 1152 1342 1210 in-

168 1266 255 1324 iecta
274 1266 351 1324 sunt
374 1266 412 1324 de
435 1265 590 1338 paratis.’'
612 1265 700 1324 Haec
720 1265 1192 1337 quidsibivolunt‘lhniorte:
1209 1266 1345 1340 ,legitur
1468 1289 1470 1297 2

169 1379 375 1452 apparata
398 1379 431 1437 et
452 1394 517 1438 non
540 1380 691 1452 parata
713 1378 789 1452 quia
812 1378 913 1438 etiam
936 1379 1056 1438 iniecta
1079 1381 1156 1439 sunt
1179 1380 1212 1438 in
1235 1395 1344 1438 rerum

167 1493 356 1565 paratarum
380 1493 536 1551 numer0’'
562 1491 592 1562 (i.
614 1507 641 1551 e.
665 1491 843 1565 parandi
866 1491 1002 1550 verbum
1025 1493 1070 1551 nil
1091 1492 1154 1551 nisi
1175 1492 1345 1553 consilium

168 1604 340 1680 significat,
366 1606 599 1680 apparandi
623 1606 669 1665 rei
692 1606 943 1679 perfectionem).

216 1719 267 1776 19.
292 1693 390 1778 Plane
413 1719 479 1778 iam
503 1721 670 1794 perspecto
694 1718 775 1778 Davi
796 1719 884 1778 dolo:
909 1719 1056 1793 ,Dromo
1078 1717 1218 1778 Dromo”
1240 1720 1344 1778 excla-

168 1834 240 1891 mat
271 1848 381 1893 senex.
414 1834 615 1894 Annotatur:
651 1833 718 1908 ,ira
749 1835 782 1893 et
812 1833 919 1892 dolore
947 1832 1027 1891 nihil
1051 1832 1151 1892 dixit:
1175 1833 1239 1891 nisi
1262 1832 1346 1905 quod

167 1944 323 2005 lorarium
358 1947 531 2021 repetendo
567 1947 697 2021 saepius
727 1947 855 2006 vocat.”
888 1946 948 2005 Pro
979 1946 1211 2019 repetendo
1234 1945 1346 2018 utique

168 2059 345 2133 legendum
377 2060 426 2118 est
457 2061 643 2133 repente.
675 2059 727 2117 Nil
759 2059 846 2118 enim
874 2058 913 2118 ad
936 2057 1054 2118 ultima
1076 2058 1157 2117 Davi
1180 2059 1278 2118 verba
1301 2074 1346 2117 re·

169 2172 311 2247 spondet
334 2186 445 2247 senex,
470 2173 527 2231 sed
550 2173 657 2232 subito
680 2171 834 2231 lorarium
854 2172 968 2230 adesse
991 2171 1088 2230 iubet.

214 2284 411 2344 Narraverat
442 2287 553 2345 autem
584 2286 694 2345 Davus
721 2285 760 2345 de
783 2284 923 2345 Critonis
946 2285 1059 2344 Andrii
1082 2285 1232 2360 adventu,
1258 2301 1345 2358 roga-

126 2459 130 2466 ,
169 2400 288 2470 tusque
323 2413 343 2457 a
377 2413 454 2457 sene
490 2398 565 2471 quid
600 2398 656 2458 ille
690 2397 751 2457 sibi
785 2398 884 2458 vellet
918 2398 1035 2472 quidve
1069 2398 1189 2458 diceret
1219 2414 1345 2472 respon·

169 2510 262 2570 derat
286 2513 344 2580 (vs.
372 2512 440 2580 18):

391 2623 576 2697 Glycerium
600 2640 636 2683 se
659 2625 742 2684 scire
766 2625 871 2684 civem
895 2640 967 2684 esse
989 2625 1144 2685 Atticam.

168 2737 369 2797 Annotatur:
397 2738 497 2812 ,bene
521 2741 553 2798 et
577 2740 763 2798 constanter
786 2739 826 2798 ad
850 2754 992 2812 eaquae
1016 2738 1143 2798 locutus
1163 2741 1214 2798 est
1233 2739 1343 2798 scire

170 2865 205 2910 se
248 2850 362 2909 dixit.”
406 2851 446 2910 Et
487 2851 619 2910 veritati
661 2853 694 2910 et
727 2852 961 2924 grammaticae
996 2852 1223 2911 convenienter
1257 2852 1344 2911 istud

170 2963 217 3022 ad
242 2963 372 3039 delebis,
399 2965 528 3038 etpost
551 2979 595 3023 se
620 2965 743 3024 inseres
767 2963 933 3024 dixisse
956 2965 1008 3024 vel
1032 2965 1198 3024 dixisse
1221 2980 1321 3025 eum.

213 3188 251 3265 V,
277 3190 308 3265 3,
334 3189 363 3248 4.
388 3190 496 3248 Iratus
519 3191 611 3263 pater
634 3189 841 3264 Pamphilum
865 3191 974 3264 rogat:

434 3304 497 3364 Ain
521 3304 678 3364 tandem?
702 3304 784 3363 civis
808 3305 993 3378 Glycerium
1017 3307 1090 3364 est?

171 3418 374 3476 Annotatur:
400 3417 468 3476 ain
491 3418 678 3488 tandem]
707 3417 808 3492 ,mire
828 3419 920 3490 quasi
941 3418 1009 3491 ipse
1030 3418 1115 3478 dicat
1134 3419 1217 3493 quod
1236 3418 1346 3478 Davus

172 3531 333 3590 dixerat.’'
369 3530 416 3590 Ne
451 3531 524 3604 quis
555 3534 648 3607 erret,
680 3532 869 3606 pronomine
901 3532 992 3607 ipse
1015 3533 1222 3607 Pamphilum
1246 3533 1346 3606 desig·

169 3658 241 3703 nan
264 3658 390 3704 moneo.

214 3869 252 3945 V,
279 3871 308 3946 4,
334 3871 387 3930 43.
425 3870 641 3947 Chremetem,
678 3871 733 3944 qui
767 3872 862 3932 modo
896 3870 998 3931 filiam
1031 3872 1163 3946 invenit,
1195 3872 1242 3930 sic
1273 3872 1346 3931 allo·

170 3983 281 4057 quitur
305 3983 411 4043 Simo:

508 4096 629 4158 Omnes
652 4113 711 4156 nos
735 4099 873 4171 gaudere
897 4098 967 4173 hoc,
993 4096 1148 4157 Chremes

395 4208 439 4267 'le
463 4209 556 4268 credo
582 4211 719 4269 credere.

171 4323 372 4380 Annotatur:
415 4322 616 4396 ,gaudere
651 4323 772 4382 nostris
807 4325 865 4398 est,
902 4325 939 4383 ut
973 4339 1070 4396 supra
1105 4322 1343 4398 annotavimus

174 4435 288 4494 alienis
319 4450 397 4494 vero
420 4436 643 4508 gratulari.
669 4436 745 4496 Plus
770 4451 843 4510 ergo
868 4438 918 4495 est
942 4437 1124 4510 gaudere
1148 4451 1246 4510 quam
1270 4436 1346 4495 lae·
1400 4489 1402 4495 .
