3254 5274
799 713 818 770 9

222 896 351 957 Cariam
370 899 512 972 profecto
525 899 678 973 narravit,
694 899 741 959 sic
753 899 946 958 Phaedriam
959 899 1132 971 alloquitur
1144 903 1202 969 (vs.
1220 902 1280 960 126
1294 907 1392 976 sqq.):

839 1026 872 1085 te
897 1025 1021 1084 interea
1043 1025 1104 1085 loci

377 1136 528 1212 Cognovi.
554 1138 635 1198 Tute
659 1138 723 1199 scis
746 1138 877 1213 postilla
900 1155 998 1213 quarn
1020 1138 1185 1200 intumum

376 1251 524 1312 Habeam
547 1254 581 1312 te
605 1255 637 1312 et
660 1269 735 1313 mea
758 1252 893 1313 consilia
915 1255 952 1313 ut
974 1253 1033 1312 tibi
1057 1254 1186 1314 credam
1210 1255 1328 1316 omnia.

221 1377 283 1438 Hic
306 1393 380 1438 eam
404 1378 588 1453 interpellat
611 1379 787 1440 Parmeno:

499 1518 546 1578 Ne
568 1519 629 1578 hoo
652 1519 783 1592 quidem
807 1519 928 1580 tacebit
951 1520 1119 1579 Parmeno.

222 1655 342 1730 Quibus
364 1655 472 1716 verbis
496 1656 616 1716 auditis
639 1656 754 1716 Thais:

726 1796 774 1856 Oh
798 1797 973 1856 dubiumne
997 1797 1028 1856 id
1052 1799 1126 1856 est?

498 1908 568 1970 Hoc
591 1908 677 1983 agite
702 1911 872 1970 amabo...

222 2047 304 2106 Tum
324 2061 454 2106 narrare
478 2047 592 2122 pergit.
617 2047 670 2108 Sic
693 2047 781 2107 enim
804 2047 838 2106 in
861 2047 1092 2108 recentioribus
1112 2047 1230 2122 legitur
1250 2051 1392 2111 editioni-

220 2161 280 2220 bus
311 2161 368 2219 aut
398 2159 548 2230 omnibus
579 2163 636 2220 aut
666 2163 752 2221 certe
783 2162 963 2236 permultis.
990 2161 1092 2238 Quam
1115 2178 1275 2240 perverse,
1302 2165 1394 2225 docet

223 2275 404 2335 Scholiasta
434 2274 553 2349 duplici
584 2276 625 2334 ad
654 2291 703 2334 ve.
732 2276 794 2335 130
819 2276 1043 2337 annotatione:
1071 2276 1175 2352 „Hoc
1198 2278 1313 2352 agite
1336 2295 1393 2353 pro

221 2389 371 2449 adverbio
403 2389 605 2463 corripientis
637 2391 687 2448 est
716 2389 860 2464 positum
891 2391 948 2449 aut
978 2390 1064 2449 certe
1090 2406 1146 2465 pro
1170 2391 1393 2453 adhortatione

222 2503 404 2563 audientiae
426 2503 658 2578 praebendae.”
681 2502 767 2574 (Pro
792 2503 993 2563 adverbio
1017 2505 1128 2563 autem
1152 2506 1184 2565 et
1207 2506 1392 2564 adverbi-

221 2616 351 2677 aliter
370 2617 424 2677 ille
444 2617 530 2694 dicit,
551 2620 606 2678 ubi
626 2620 665 2678 de
685 2622 773 2679 certa
792 2621 932 2693 quadam
951 2620 1102 2694 loquendi
1113 2620 1253 2680 formula
1265 2622 1392 2696 agitur).

220 2731 261 2790 Et
290 2731 408 2791 melius
440 2732 557 2792 etiam:
593 2734 688 2808 „hoc
719 2733 834 2808 agite
866 2735 897 2793 id
930 2737 989 2810 est,
1016 2735 1093 2794 illud
1118 2735 1254 2795 desinite
1278 2738 1311 2794 et
1333 2737 1394 2796 hoc

221 2844 409 2905 attendite”.
435 2846 485 2905 lta
508 2848 575 2906 est:
600 2847 747 2922 ineptum
771 2847 859 2907 enim
883 2850 933 2908 est
957 2848 1077 2908 dicere:
1102 2849 1182 2925 „hoc
1202 2849 1308 2924 agite”
1330 2849 1393 2909 nisi

135 3007 137 3010 .
220 2957 260 3016 iis
284 2957 338 3031 qui
361 2974 435 3018 curn
458 2960 604 3019 maxime
625 2961 736 3021 alias
756 2977 822 3020 res
843 2963 951 3038 agunt,
974 2963 1080 3035 etqui
1100 2961 1164 3021 illis
1183 2963 1291 3022 verbis
1313 2963 1393 3037 „hoc

220 3071 327 3146 agite’'
348 3072 473 3146 aliquos
489 3073 671 3150 alloquitur,
687 3076 726 3134 ab
742 3074 783 3135 iis
795 3076 874 3136 facit
885 3076 1068 3150 alloquendi
1080 3075 1227 3148 initium:
1241 3077 1391 3150 praemit-

219 3188 287 3246 tere
307 3186 388 3246 nihil
407 3189 523 3261 potest.
545 3188 739 3248 Rectissime
760 3206 834 3264 ergo
855 3190 933 3249 olim
946 3190 993 3250 ita
1005 3191 1158 3250 edebatur
1170 3191 1269 3265 locus,
1284 3205 1391 3262 quem-

220 3301 393 3360 admodum
426 3303 458 3360 et
489 3317 507 3360 a
537 3301 718 3362 Scholiasta
740 3304 844 3363 lectus
867 3304 938 3380 fuit,
962 3306 1000 3363 ut
1022 3303 1232 3363 Phaedria
1255 3303 1391 3363 diceret:

222 3429 282 3490 „ne
313 3415 372 3474 hoc
400 3415 530 3487 quidem
554 3416 674 3475 tacebit
696 3417 886 3493 Parmeno'’,
911 3419 983 3476 tum
1008 3419 1226 3477 Parmeno:
1255 3418 1315 3492 „oh
1339 3418 1392 3477 du-

218 3529 350 3588 biumne
393 3529 424 3588 id
467 3531 561 3588 est?''
604 3531 676 3589 Iure
711 3547 796 3590 nunc
831 3532 944 3591 ambos
979 3509 1026 3591 sio
1061 3531 1242 3604 corripit
1276 3531 1392 3590 Thais:

222 3644 302 3718 „hoc
336 3643 422 3718 agite
446 3644 601 3703 amabo”:
630 3659 705 3703 cum
729 3645 816 3703 enim
840 3645 880 3704 iis
904 3645 1001 3704 fuerit
1025 3644 1284 3720 auscultandum,
1309 3645 1393 3705 inter

219 3773 255 3816 se
286 3757 423 3831 colloqui
454 3760 486 3817 et
510 3757 620 3817 alias
650 3773 717 3817 res
741 3773 864 3832 agere
888 3760 1070 3834 coeperunt.
1095 3759 1202 3832 Atque
1226 3757 1393 3818 sciendum

218 3871 272 3931 hio
302 3872 352 3930 est
383 3886 444 3944 quo
475 3870 570 3931 modo
601 3887 704 3945 pauca
734 3871 790 3931 illa
821 3872 920 3931 verba
951 3873 990 3932 ab
1020 3874 1157 3946 utroque
1180 3871 1300 3932 fuerint
1324 3863 1391 3946 pross

218 3985 377 4044 nuntiata.
403 3983 484 4044 Ourn
508 3985 633 4059 gemitu
656 4000 730 4060 ergo
755 3988 787 4045 et
811 3987 903 4060 quasi
925 3986 1100 4046 lacrimans
1121 3986 1278 4046 Phaedria
1298 3987 1391 4046 dicit:

222 4113 282 4172 „ne
312 4098 372 4159 hoc
404 4099 534 4172 quidem
565 4098 685 4159 tacebit
715 4099 905 4176 Parmeno’',
939 4102 1011 4160 tum
1041 4100 1217 4160 Parmeno:
1252 4100 1310 4174 „ob
1338 4100 1391 4159 du·

218 4191 350 4270 biumne
374 4211 405 4270 id
429 4213 479 4271 est
487 4213 524 4270 ‘?'’
546 4211 633 4288 Quae
652 4211 870 4273 dissimulatio
891 4215 1049 4288 quantum
1068 4214 1186 4273 habeat
1206 4211 1391 4272 acerbitatis

218 4323 281 4383 dici
303 4324 361 4383 vix
383 4326 499 4399 potest.

264 4437 520 4502 Prudentissime
541 4439 792 4513 acutissimeque
813 4441 964 4500 observat
984 4441 1164 4501 Scholiasta
1182 4441 1252 4499 tam
1265 4441 1391 4499 certum

221 4567 293 4611 osse
337 4552 462 4626 sibique
497 4554 645 4612 constare
678 4553 900 4613 meretricium
934 4569 1127 4630 sermonem,
1163 4553 1200 4611 ut
1233 4553 1392 4625 quaedam
