3230 5260
729 640 769 699 77

579 952 688 1012 Aenus
711 949 740 1008 V
759 951 867 1010 Sonus
892 952 921 1011 7.

203 1167 380 1240 Postquam
415 1166 497 1225 satis
532 1164 643 1224 derisit
674 1163 809 1236 Pythias
841 1163 1064 1223 adversarium
1095 1180 1114 1223 a
1145 1180 1182 1224 se
1214 1166 1335 1224 astutia

159 1283 347 1356 superatum
367 1280 500 1339 domum
520 1279 596 1353 abit,
618 1279 650 1336 et
670 1278 778 1336 stante
799 1276 898 1336 etiam
918 1277 973 1336 illo
990 1281 1065 1338 ante
1077 1279 1198 1337 ostium
1212 1279 1334 1337 Thraso

160 1395 349 1468 Gnathoque
380 1394 573 1466 adveniunt;
602 1392 655 1451 ille
679 1391 755 1464 quid
778 1391 839 1450 sibi
863 1391 942 1451 velit
967 1407 985 1450 a
1009 1391 1178 1451 Gnathone
1201 1393 1334 1466 rogatus

159 1509 330 1582 respondet
354 1511 413 1577 (vs.
441 1509 555 1576 1026);

247 1622 378 1695 Egone?
390 1615 552 1680 ut'Thaidi
564 1635 618 1678 me
631 1619 747 1678 dedam
763 1618 926 1678 etfaciam
939 1619 1022 1692 quod
1034 1619 1152 1678 iubeat.
1168 1619 1248 1694 Quid
1261 1621 1335 1679 est?

202 1736 292 1794 Haec
315 1734 402 1793 enim
426 1733 583 1792 Thrasoni
607 1733 705 1792 verba
725 1733 780 1791 dat
799 1732 1045 1792 Westerhovius
1065 1732 1183 1808 omnia,
1206 1735 1238 1792 et
1257 1733 1335 1792 illud

159 1848 288 1921 quidem
317 1847 418 1922 Quid
442 1849 507 1906 est
531 1845 731 1905 Thrasonem
755 1846 916 1905 dicentem
940 1846 1026 1921 facit,
1052 1846 1106 1904 ubi
1130 1845 1335 1905 Gnathonem

158 1963 247 2021 videt
271 1962 505 2034 admirantem;
530 1963 601 2020 tum
626 1961 849 2019 Gnathonem:

248 2076 306 2151 Qui
329 2076 438 2135 minus
462 2090 560 2148 quam
584 2074 740 2133 Hercules
763 2075 899 2133 servivit
923 2075 1128 2148 Omphalae?

161 2191 193 2248 et
216 2189 436 2248 Thrasonem:

248 2303 437 2376 exemplum
459 2302 574 2376 placet.
600 2369 601 2372 Ἴ

159 2417 326 2476 Postremo
351 2415 556 2475 Gnathonem
580 2432 751 2476 aversum:

246 2530 381 2588 Utinam
403 2530 462 2589 tibi
486 2530 703 2604 commitigari
727 2531 856 2590 videam
880 2533 1025 2591 sandalio
1050 2535 1161 2607 caput!

202 2645 358 2717 Equidem
378 2644 416 2702 de
437 2643 539 2718 Quid
556 2645 620 2703 est
636 2644 862 2703 Westerhcvio
876 2647 1052 2719 assentior;
1066 2647 1123 2706 sed
1136 2649 1243 2705 totum
1255 2647 1332 2706 hoc:

246 2758 377 2832 Egone?
389 2757 434 2816 Ut
447 2757 560 2816 Thaidi
573 2773 626 2816 me
639 2757 756 2816 dedam
768 2760 800 2817 et
812 2759 931 2818 faciam
944 2761 1027 2832 quod
1040 2760 1156 2818 iubeat.
1169 2759 1249 2834 Quid
1258 2761 1332 2819 est?

247 2871 306 2946 Qui
329 2872 438 2931 minus
462 2871 742 2944 quamHercules
766 2873 902 2931 servivit
926 2872 1126 2947 Omphalae?

202 2984 359 3044 Thrasoni
376 2985 518 3044 dandum
531 3000 656 3043 censeo.
670 2985 750 3044 Vide
764 2985 989 3062 Scholiastam,
1004 2986 1057 3058 qui
1067 2987 1190 3045 confert
1198 3002 1246 3045 vs.
1259 2988 1332 3062 783,

160 3099 210 3157 ubi
242 3099 322 3157 item
354 3098 449 3157 miles
483 3098 520 3156 de
551 3112 587 3156 se
611 3113 732 3170 suoque
755 3099 857 3158 sacto:
886 3099 993 3173 „idem
1016 3100 1077 3158 hoc
1100 3099 1167 3158 iam
1190 3100 1334 3173 Pyrrhus

160 3212 351 3271 factitavit.”
372 3211 455 3270 Tum
476 3191 681 3270 Gnathonem
702 3212 788 3271 clara
806 3228 885 3272 voce
906 3213 1067 3272 dicentem
1087 3213 1186 3272 facio:
1207 3229 1334 3287 „exem-

159 3326 247 3397 plum
271 3326 408 3400 placet,’'
433 3325 612 3383 summissa
636 3325 747 3384 autern
771 3299 1003 3399 aversumque:

291 3438 427 3497 Utinam
450 3438 508 3496 tibi
533 3439 751 3512 commitigari
773 3440 903 3499 videam
927 3441 1071 3500 sandalio
1096 3442 1200 3515 caput.

204 3552 316 3612 Subito
359 3567 378 3610 a
412 3551 533 3611 Thaide
577 3551 662 3610 iores
698 3554 830 3626 crepant
862 3554 1051 3631 prosilitque
1087 3553 1238 3614 Chaerea.
1274 3554 1336 3613 Hic

164 3663 284 3724 Thraso
313 3681 363 3724 vs
393 3667 506 3735 1029l:

471 3780 573 3838 Perii:
598 3781 673 3852 quid
697 3781 758 3839 hoo
781 3784 925 3841 autemst
948 3782 1051 3841 mali?

163 3891 353 3951 Rectissime
386 3893 583 3953 Scholiasta:
619 3894 783 3969 „Eunuchi
814 3895 926 3954 habitu
953 3896 1010 3954 sed
1032 3896 1119 3954 virili
1143 3894 1335 3955 confidentia

163 4006 284 4076 prosilit
312 4005 454 4064 Chaerea
478 4007 510 4064 et
533 4007 673 4066 militem
696 4007 787 4065 velut
810 4010 886 4067 novi
909 4009 1020 4068 rivalis
1043 4011 1144 4068 terret
1170 4011 1334 4082 aspectu.’'
