3230 5260
543 1405 779 1523 cAPUr
817 1409 1225 1524 SECUNDUM.

788 1685 980 1694 ———---

343 1863 430 1938 Quod
453 1865 564 1938 paucis
587 1866 814 1926 tantummodo
837 1868 934 1939 atque
957 1881 1029 1926 raro
1053 1867 1162 1926 evenit
1184 1869 1221 1926 ut
1243 1867 1294 1925 sui
1315 1867 1377 1941 ipsi
1395 1866 1464 1926 libri

298 1978 475 2037 utilitatem
498 1978 682 2052 praedicare
705 1980 840 2056 possint,
865 1979 897 2039 id
916 1980 998 2038 mihi
1021 1979 1083 2039 hoc
1106 1980 1176 2040 loco
1200 1981 1368 2054 contingit.
1387 1979 1463 2038 Con·

296 2093 393 2151 tendo
417 2093 504 2152 enim
527 2091 699 2167 palamque
722 2093 857 2167 declaro,
882 2093 937 2166 qui
959 2093 1154 2167 praecedens
1178 2096 1274 2167 caput
1292 2093 1407 2166 legerit
1426 2091 1463 2150 ad

296 2205 436 2265 Terentii
470 2205 661 2266 Eunuchum
692 2206 810 2265 melius
840 2206 1086 2282 intelligendum
1116 2207 1259 2266 multum
1282 2205 1462 2280 profecisse,

296 2336 399 2393 neque
423 2335 534 2379 vereor
557 2336 597 2379 ne
620 2321 693 2394 quis
712 2335 766 2379 me
785 2320 824 2380 ob
844 2320 922 2380 illud
942 2319 1065 2380 dictum
1085 2323 1291 2394 arrogantem
1310 2334 1463 2394 parumve

297 2433 515 2494 verecundum
550 2434 697 2508 appellet.
735 2433 892 2508 Quidquid
926 2434 1013 2492 enim
1047 2433 1123 2492 boni
1154 2436 1205 2492 est
1227 2433 1261 2493 in
1283 2433 1338 2492 illo
1363 2432 1463 2506 capite

297 2533 419 2607 meum'
442 2547 499 2606 vix
534 2547 595 2606 dici
629 2548 753 2621 potest:
785 2548 854 2621 ipse
885 2547 963 2606 illud
993 2547 1141 2607 lubenter
1171 2549 1340 2621 acceptum
1363 2545 1463 2614 refero

295 2661 586 2736 praestantissimo,
622 2677 719 2734 quem
753 2661 850 2720 toties
885 2661 992 2736 citavi,
1028 2661 1098 2720 viro
1129 2661 1338 2721 scholiastae.
1364 2659 1463 2734 Quem

296 2775 424 2834 utinam
443 2774 506 2833 alio
526 2774 686 2848 appellare
698 2774 829 2833 nomine
841 2789 989 2847 possem:
1004 2774 1220 2834 Scholiastam
1232 2775 1320 2834 enim
1332 2772 1463 2834 dicendo

295 2883 487 2947 maledicere
518 2888 547 2947 ei
578 2884 697 2947 videor.
722 2885 921 2946 Eximendus
945 2890 996 2947 est
1018 2888 1065 2946 illi
1088 2889 1272 2962 ineptorum
1294 2888 1463 2948 hominum

293 3002 416 3078 turbae,
437 3003 491 3076 qui
510 3002 654 3062 sutilium
674 3002 920 3061 annotationum
933 3001 1093 3076 farragine
1105 3001 1277 3076 scriptores
1289 3004 1467 3082 poetasque

294 3114 442 3192 obruunt,
479 3117 576 3190 atque
610 3116 705 3189 longe
738 3116 895 3189 longeque
930 3115 995 3174 illis
1029 3115 1289 3189 anteponendus:
1325 3115 1373 3175 illi
1406 3117 1463 3175 vix

293 3245 437 3302 unquam
460 3230 635 3303 quidquam
658 3229 791 3288 tradunt
814 3229 897 3302 quod
919 3243 985 3287 non
1008 3229 1114 3302 quivis
1137 3229 1232 3302 paulo
1252 3230 1376 3289 aendor
1394 3229 1463 3304 ipse

292 3344 396 3417 possit
425 3343 579 3417 invenire,
612 3344 646 3401 at
676 3342 728 3400 hic
750 3344 881 3416 poetam
904 3357 1001 3400 suum
1024 3357 1137 3400 revera
1160 3342 1318 3423 illustrat;
1342 3344 1379 3401 ut
1402 3343 1464 3417 ipsi

293 3457 413 3515 nostris
436 3456 538 3515 oculis
558 3456 627 3514 eius
646 3456 836 3514 venustates
856 3455 1026 3514 videamus
1046 3455 1151 3530 efficit,
1172 3470 1275 3528 neque
1288 3456 1463 3528 quidquam

292 3569 393 3628 latere
427 3569 548 3643 patitur
582 3569 666 3644 quod
700 3569 755 3628 ille
785 3569 942 3642 singulari
973 3568 1187 3628 elaboraverit
1210 3566 1354 3628 artificio.
1378 3569 1464 3629 Vera

293 3698 364 3741 esse
387 3683 538 3756 pleraque
562 3682 672 3742 omnia
694 3698 776 3756 qnae
799 3682 913 3741 doceat
935 3682 1049 3740 statim
1073 3682 1280 3755 agnoscimus
1300 3683 1463 3756 simulque

291 3795 480 3871 profitemur
513 3812 581 3872 nos
618 3797 680 3854 nisi
710 3796 892 3855 monuisset
922 3795 985 3871 ille,
1011 3796 1123 3854 eadem
1148 3796 1375 3855 observaturos
1396 3808 1463 3855 non

292 3911 401 3971 tuisse.
437 3910 486 3968 Ex
517 3910 615 3968 divite
646 3910 701 3968 ille
725 3909 815 3983 copia
839 3909 1018 3968 doctrinam
1042 3909 1149 3984 tradit,
1175 3911 1271 3983 atque
1295 3910 1341 3968 ita
1363 3909 1465 3969 tradit

291 4027 328 4084 ut
358 4024 472 4083 statim
503 4014 631 4097 propria
661 4021 718 4081 fiat
749 4022 986 4096 accipientium.
1011 4023 1164 4082 Potestne
1186 4023 1291 4082 maior
1313 4023 1465 4096 magistri

290 4139 362 4198 laus
382 4137 638 4210 excogitarunt
658 4152 770 4195 veram
791 4151 870 4212 esse,
892 4137 968 4196 licet
984 4152 1025 4196 ex
1037 4136 1299 4195 annotationibus
1312 4136 1346 4194 in
1358 4137 1464 4210 capite

290 4252 493 4327 praecedenti
517 4251 625 4310 allatis
649 4250 715 4308 iam
739 4249 943 4322 aliquatenus
968 4251 1129 4325 appareat,
1150 4251 1262 4308 tamen
1281 4265 1367 4308 nuuc
1385 4249 1465 4310 data

184 4379 188 4387 ·
290 4382 386 4441 opera
406 4365 628 4424 demonstrare
648 4345 794 4436 conabor,
816 4363 849 4421 et
868 4377 950 4436 quae
970 4363 1037 4422 sint
1055 4361 1206 4437 magistri
1224 4362 1327 4422 nostri
1343 4364 1464 4423 merita

290 4483 386 4560 atque
410 4495 427 4537 e
451 4494 513 4550 quo
536 4477 624 4536 fonte
648 4478 719 4535 orta
741 4492 839 4550 quam
864 4475 1107 4535 accuratissime
1131 4491 1300 4551 exponere.
