3234 5254
438 1427 674 1536 oleon
721 1335 1087 1558 qulnruu.

217 1966 266 2024 Ad
302 1982 370 2026 rem
406 1983 491 2025 nunc
526 1967 641 2025 accedo
672 1965 803 2038 plenam
834 1965 983 2038 periculi:
1018 1966 1056 2024 de
1088 1965 1229 2024 Terentii
1262 1965 1348 2023 enim

172 2079 316 2138 dicturus
336 2095 410 2138 sum
431 2079 626 2154 inventione,
645 2080 678 2137 et
690 2079 756 2137 scio
769 2094 961 2152 persuasum
975 2095 1047 2136 esse
1060 2079 1174 2138 debere
1187 2080 1347 2152 omnibus,

172 2193 226 2264 qui
268 2208 332 2250 non
373 2192 468 2266 plane
503 2193 535 2249 in
571 2194 682 2250 nostra
717 2193 885 2266 disciplina
919 2192 1064 2267 hospites
1098 2193 1200 2252 videri
1235 2193 1346 2265 velint,

171 2307 303 2364 Latinos
323 2307 496 2380 scriptores
516 2306 577 2364 hac
597 2305 780 2365 inveniendi
800 2307 954 2365 facultate
973 2307 1068 2381 plane
1089 2308 1240 2366 caruisse.
1255 2306 1347 2365 Certe

171 2419 232 2476 hoo
263 2419 423 2478 inculcare
454 2419 559 2478 solent
583 2419 748 2493 discipulis
772 2420 907 2493 aliisque
930 2421 992 2479 viri
1015 2437 1147 2480 summa
1169 2421 1348 2494 sapientiae

171 2532 265 2590 laude
290 2532 462 2605 conspicui.
489 2533 550 2590 Sed
574 2532 655 2590 mihi
680 2548 753 2591 curn
777 2549 906 2608 semper
928 2534 1139 2593 temerarium
1163 2534 1271 2592 visum
1297 2533 1347 2590 est

172 2645 210 2702 de
241 2647 309 2704 toto
340 2646 455 2719 populo
487 2646 648 2705 declarare
680 2647 838 2706 eiusmodi
870 2647 998 2722 aliquid,
1031 2650 1102 2707 turn
1132 2649 1173 2710 ,de
1197 2646 1345 2705 Terentio

170 2775 272 2832 paene
303 2760 473 2819 ridiculum
505 2761 642 2819 videtur.
676 2759 755 2834 Quid
787 2762 899 2819 enirn?
930 2762 1036 2834 Magni
1068 2763 1118 2820 est
1145 2761 1265 2834 ingenii
1296 2760 1346 2818 vir

171 2875 349 2950 Terentius,
378 2874 490 2933 literas
518 2874 657 2934 Graecas
681 2875 713 2932 et
736 2875 888 2946 quidquid
911 2877 983 2934 tum
1008 2877 1077 2934 erat
1100 2874 1288 2933 Latinarum
1312 2874 1346 2932 in

171 3002 305 3046 succum
329 2988 427 3046 vertit
450 2988 714 3062 sanguinemque,
741 2989 792 3045 est
813 2989 980 3061 praeterea
998 2989 1076 3047 Afer
1096 2988 1242 3046 natione:
1265 2987 1345 3046 eius·

171 3101 301 3159 modine
338 3101 455 3175 virum,
495 3101 633 3159 simulac
671 3101 784 3159 Latine
822 3101 961 3160 scribere
991 3081 1136 3175 incipiat,
1162 3100 1346 3158 inveniendi

170 3215 370 3288 facultatem,
403 3230 501 3286 quam
532 3215 618 3272 haud
649 3214 743 3272 dubie
767 3230 786 3273 a
809 3217 926 3273 natura
949 3214 1074 3289 habeat,
1101 3215 1251 3273 amittere
1276 3229 1344 3272 cen-

171 3328 326 3384 seamus?
368 3327 478 3400 Neque
516 3329 628 3385 tamen
662 3327 714 3386 hic
749 3329 855 3386 certae
890 3327 1167 3387 nobilissimorum
1202 3327 1345 3385 virorum

171 3441 352 3499 sententiae
385 3455 542 3512 opponere
574 3441 733 3512 quaedam
764 3441 925 3515 auderem,
959 3441 1022 3498 nisi
1053 3455 1107 3498 me
1138 3440 1172 3498 in
1195 3438 1344 3498 Terentio

172 3552 227 3611 diu
256 3553 462 3624 multumque
489 3555 657 3611 versatum
681 3553 786 3611 multa
810 3527 969 3626 cogerent.
996 3552 1121 3625 Cogunt
1144 3567 1197 3610 me
1221 3551 1345 3609 multae

171 3681 372 3739 magnaeque
396 3666 497 3738 ipsius
520 3665 668 3739 virtutes,
695 3666 780 3738 cogit
803 3666 947 3725 virorum
971 3665 1288 3738 elegantissimorum
1313 3666 1344 3721 ei

171 3779 320 3838 Terentio
340 3780 447 3838 aetate
466 3779 718 3852 propinquorum
734 3779 898 3854 iudicium,
913 3779 969 3836 sed
981 3792 1058 3852 prae
1072 3779 1186 3836 ceteris
1200 3777 1346 3850 egregiae

171 3892 329 3964 quaedam
366 3893 484 3964 cogunt
514 3891 631 3950 Donati
663 3869 906 3950 annotationes:
939 3891 990 3950 his
1022 3891 1109 3949 enirn
1141 3890 1273 3948 demum
1305 3888 1346 3947 ef-

172 4002 277 4063 ficitur
300 4007 337 4063 ut
360 4005 547 4064 Terentium
570 4005 750 4078 intelligere
773 4005 946 4079 possimus
1285 3973 1288 3988 ¹

217 4118 352 4176 Initium
371 4118 490 4176 faciam
508 4133 526 4176 a
539 4118 720 4176 notissimis
733 4118 797 4176 illis
811 4117 957 4176 Caesaris
971 4119 1004 4176 et
1016 4115 1178 4176 Ciceronis
1191 4115 1347 4190 versibus,

172 4231 287 4303 quibus
309 4232 491 4290 continetur
512 4231 595 4302 quod
616 4233 723 4289 aetate
744 4231 928 4288 maximum
951 4230 1060 4288 exstat
1081 4230 1118 4287 de
1131 4231 1226 4301 poeta
1239 4232 1349 4286 nostro

171 4345 335 4403 iudicium.
368 4345 417 4402 Ex
445 4346 510 4403 illis
543 4348 676 4418 apparet
708 4344 873 4402 Menandri
897 4343 1039 4402 colorem
1062 4357 1081 4400 a
1104 4342 1254 4401 Terentio
1279 4357 1350 4401 esse

172 4459 347 4516 mutatum.
372 4457 412 4516 Et
436 4458 544 4516 Cicero
565 4457 695 4530 quidem
714 4457 841 4530 tectius
864 4455 981 4514 Caesar
1003 4455 1145 4528 apertius
1167 4455 1352 4528 significant

1219 4559 1245 4600 rr
