3254 5274
832 637 852 698 2

250 829 323 886 tum
357 826 419 886 sibi
448 826 590 900 postulet
619 825 805 899 diligentiae
836 825 1005 886 Terentius
1035 829 1069 886 et
1100 843 1162 901 quo
1193 828 1289 887 modo
1316 827 1421 902 logen-

252 941 312 1000 dus
342 939 396 999 ille
427 940 471 999 sit
502 954 672 1013 exponam.
705 937 794 1014 Quod
823 939 935 1013 paucis
965 940 1073 999 verbis
1103 939 1173 1000 fieri
1204 940 1324 1014 nequit.
1350 940 1424 1000 Una

250 1055 333 1113 mihi
357 1070 399 1113 ex
422 1054 492 1113 eius
515 1052 632 1138 fabulis
656 1052 695 1111 ab
719 1051 811 1112 initio
835 1053 875 1112 ad
898 1051 997 1113 finem
1021 1056 1072 1114 est
1094 1054 1331 1129 pertractanda,
1357 1070 1422 1114 om·

252 1183 372 1241 nosque
392 1182 516 1242 versus,
538 1166 571 1225 in
591 1166 707 1240 quibus
726 1166 829 1225 lateat
848 1167 978 1243 aliquid,
1001 1168 1084 1242 quod
1104 1168 1232 1242 evulgo
1244 1167 1423 1242 legentium

251 1282 371 1356 negligi
393 1281 446 1340 vel
469 1280 573 1340 soleat
591 1279 644 1339 vel
667 1278 761 1339 facile
784 1280 896 1356 possit,
923 1284 1072 1341 accurate
1095 1282 1178 1341 mihi
1202 1261 1279 1342 sunt
1301 1282 1422 1342 exami-

251 1371 359 1456 nandi.
391 1394 439 1454 Ibi
471 1395 582 1484 autem
612 1393 717 1454 facere
740 1409 805 1453 non
827 1409 962 1468 possum
986 1395 1063 1468 quin
1085 1395 1213 1455 fabulae
1237 1395 1324 1455 illius
1347 1396 1422 1469 quid

187 1571 191 1584 ,
251 1509 388 1584 singulis
420 1510 534 1583 agatur
562 1507 668 1567 scenis
691 1507 812 1581 legenti
832 1507 865 1566 in
885 1510 1031 1567 mentem
1051 1524 1212 1581 revocem.
1233 1508 1314 1569 (lum
1335 1509 1422 1569 enim

251 1623 398 1682 omnium
418 1597 601 1682 fabularum
621 1620 889 1680 Terentianarum
910 1622 995 1681 color
1015 1623 1060 1681 sit
1079 1638 1164 1682 unus
1183 1622 1249 1683 fere
1262 1623 1421 1699 idemque,

250 1737 335 1796 haud
359 1735 452 1796 facile
476 1736 678 1809 singularum
702 1736 856 1794 decursus
880 1735 1044 1809 seriesque
1067 1736 1227 1796 memoria
1246 1737 1421 1797 retinetur:

251 1851 290 1910 ab
322 1850 386 1910 alia
408 1865 448 1909 ne
473 1849 512 1908 ad
536 1848 635 1908 aliam
658 1848 785 1907 aberret
808 1863 902 1907 mens
925 1847 1104 1922 periculum
1128 1851 1188 1909 est.
1214 1849 1332 1926 Quodsi
1356 1851 1422 1911 iam

250 1964 336 2034 lectu
367 1962 463 2038 digna
494 1965 544 2021 331
575 1961 806 2022 commentatio
837 1976 921 2036 mea,
955 1962 1026 2035 quis
1049 1962 1132 2022 ferre
1156 1979 1229 2022 33111
1252 1964 1371 2038 poterit
1393 1965 1422 2024 si
1475 1967 1480 1976 ’

250 2078 427 2138 identidem
459 2077 489 2136 ei
520 2077 559 2136 ab
590 2076 646 2135 illa
673 2076 713 2134 ad
744 2074 886 2134 Terentii
916 2077 1055 2151 textum,
1089 2092 1109 2135 3
1137 2079 1233 2136 textu
1264 2078 1304 2136 ad
1330 2077 1422 2138 1113111

250 2193 312 2252 3111
334 2190 589 2251 recurrendum?
609 2189 650 2248 Et
673 2204 729 2248 cur
750 2203 808 2262 ego
828 2203 869 2247 ne
889 2190 984 2262 paulo
1004 2189 1128 2263 longior
1148 2191 1265 2251 evadat
1276 2191 1330 2251 hic
1341 2191 1422 2251 liber

249 2322 445 2381 magnopere
475 2304 647 2363 metuam?
677 2302 798 2382 Docere
829 2302 916 2362 enim
951 2304 1117 2378 neminem
1148 2305 1221 2365 volo
1252 2306 1315 2366 nisi
1339 2306 1421 2366 forte

249 2420 389 2480 tironem
419 2419 570 2495 aliquem.
603 2416 707 2476 Simul
737 2418 850 2476 tamon
880 2416 934 2475 hic
960 2417 1026 2476 illio
1049 2417 1177 2490 aliquod
1200 2434 1312 2478 meum
1336 2434 1419 2480 corn·

248 2509 398 2594 mentum
430 2532 614 2605 aliquamve
644 2530 727 2588 mihi
749 2532 863 2590 natam
886 2530 1105 2604 suspicionem
1128 2532 1289 2606 proferam
1312 2535 1350 2593 ut
1373 2533 1420 2594 313

249 2647 416 2706 doctorum
440 2645 568 2705 eliciam
588 2643 786 2704 sententiam
805 2643 1033 2717 iudiciumque.
1055 2644 1245 2705 Versabitur
1264 2662 1339 2721 ergo
1359 2647 1420 2707 hoc

249 2762 345 2834 caput
368 2760 401 2819 in
425 2775 463 2819 33
486 2759 627 2818 Terentii
652 2757 826 2833 comoedia,
851 2772 932 2832 quae
955 2757 1038 2817 mihi
1060 2758 1167 2833 lepore
1191 2760 1224 2818 31
1247 2762 1419 2820 venustate

248 2875 364 2935 ceteris
388 2873 537 2933 omnibus
560 2874 725 2946 praestare
748 2872 885 2947 videtur,
910 2845 1103 2931 Eunuchum
1126 2872 1206 2932 dico.

709 3107 952 3120 -u-——n--n

661 3281 771 3340 Adrus
794 3281 819 3340 Ι.
844 3281 952 3340 Souna
978 3281 1005 3339 1.

291 3458 328 3535 111
351 3473 484 3518 scenam
506 3455 612 3531 prodit
634 3455 801 3531 Phaedria,
827 3471 846 3515 a
868 3455 990 3515 Thaide
1013 3470 1073 3514 sua
1095 3455 1164 3514 heri
1188 3456 1340 3516 exclusus
1359 3457 1415 3516 sed

245 3573 341 3633 modo
372 3572 551 3646 revocatus,
585 3585 659 3629 cum
690 3569 892 3629 Parmenone
922 3584 1026 3628 servo.
1059 3567 1180 3644 Quibus
1202 3568 1250 3628 1111
1272 3569 1357 3628 inter
1380 3585 1416 3628 se

245 3689 379 3747 utantur
401 3684 509 3744 verbis
533 3683 604 3756 quis
627 3683 755 3742 nescit?
778 3682 836 3743 (lui
859 3682 1007 3756 ignotum
1031 3681 1125 3741 illud:

378 3799 459 3874 Quid
482 3797 581 3872 igitur
603 3796 746 3857 faciam?
769 3797 840 3857 Non
864 3812 946 3873 eam,
972 3811 1012 3855 ne
1036 3811 1121 3855 nunc
1145 3795 1275 3869 quidem

377 3914 481 3989 Quom
505 3926 650 3972 arcessor
673 3911 781 3971 ultro?

244 4029 322 4104 Quis
345 4044 409 4088 non
431 4024 703 4085 tenet'memoria
726 4024 942 4084 Horatianum
964 4025 1072 4084 locum
1096 4039 1115 4084 3

377 4140 518 4214 Porrigis
540 4139 623 4199 irato
646 4154 744 4212 puero
768 4154 843 4198 cum
865 4153 963 4212 poma
985 4140 1115 4198 recusat

244 4255 477 4331 incipientem?
499 4253 540 4313 Et
562 4255 674 4312 tamen
698 4268 779 4327 quae
802 4252 941 4312 totius
965 4267 1080 4312 scenae
1104 4252 1148 4311 sit
1167 4251 1330 4312 sententia
1349 4267 1413 4312 non

243 4370 337 4430 facile
365 4369 470 4442 quivis
486 4369 626 4442 'rogatus
648 4368 849 4441 respondeat.
875 4366 956 4441 Quid
980 4366 1091 4426 enirn?
1113 4365 1232 4426 Vultne
1255 4365 1413 4426 Phaedria

243 4486 317 4562 post
351 4483 441 4542 1113111
477 4481 673 4542 exclusionis
704 4480 865 4560 iniuriam,
898 4480 953 4540 ubi
983 4480 1125 4555 primum
1157 4479 1339 4558 arcessitur,
1372 4479 1411 4540 ad
