3230 5260
839 643 900 701 154

327 828 379 885 63.
404 827 460 885 Ad
483 827 694 901 virginem
718 828 902 887 animum
926 827 1104 896 adieoit]
1133 841 1208 901 „our
1231 825 1293 884 hoe
1312 824 1451 884 inferat?

282 940 319 999 01
352 940 404 998 vel
434 939 582 1000 laedendi
611 941 726 1000 militis
758 956 856 1001 eausa
886 941 1043 1000 Phaedria
1073 939 1216 1014 patiatur
1247 953 1328 1012 eum·
1353 953 1452 1010 quam

282 1052 371 1111 amet
390 1053 423 1112 et
442 1053 523 1112 nolit
540 1054 700 1127 virginem
721 1054 803 1113 dono
823 1054 931 1114 dare.’'
956 1053 1112 1127 Corrupto
1123 1054 1203 1113 haec
1215 1067 1280 1111 non
1291 1051 1450 1111 videntur.

281 1165 402 1223 Sensus
437 1165 525 1224 001111
556 1167 622 1225 est:
658 1167 763 1241 „haud
793 1182 888 1240 aegre
918 1166 1000 1226 feret
1022 1165 1181 1225 Phaedria
1204 1180 1223 1223 a
1245 1165 1350 1223 milite
1369 1165 1452 1223 dono

281 1279 350 1337 dari
377 1277 536 1352 virginem
559 1295 658 1353 quam
682 1282 771 1340 amet
793 1282 827 1340 et
850 1283 880 1349 (a
903 1295 938 1339 se
963 1280 1127 1339 dimittere
1151 1281 1247 1352 atque
1271 1280 1352 1338 dono
1376 1279 1452 1337 dare

282 1392 346 1461 alii)
377 1392 490 1452 nolit.”
523 1394 583 1452 Sed
611 1394 692 1456 satis
715 1394 854 1454 absurda
877 1393 1052 1469 annotatio,
1078 1407 1223 1466 quaeque
1246 1393 1333 1452 nullo
1357 1394 1453 1452 modo

282 1505 445 1565 conciliari
478 1507 585 1579 potest
619 1522 693 1566 0010
723 1507 873 1581 prudenti
904 1508 943 1566 ad
973 1523 1022 1567 110.
1048 1508 1089 1566 62
1115 1506 1339 1566 annotatione:
1367 1507 1455 1580 „Scit

281 1621 438 1680 meretrix
461 1621 520 1680 hoo
544 1621 612 1680 solo
633 1623 795 1681 amatores
815 1621 965 1682 inimicos
985 1607 1066 1696 essa
1087 1622 1170 1694 quod
1183 1621 1270 1680 idem
1283 1619 1453 1693 diligunt.''

326 1733 378 1792 83.
403 1734 503 1793 Num
526 1734 644 1794 solus
667 1734 744 1794 1110
768 1735 873 1794 dona
892 1735 1004 1805 dat?]
1029 1734 1115 1811 „iam
1135 1733 1228 1808 quasi
1248 1732 1454 1807 quaestiones

282 1847 478 1906 tractantur:
515 1848 571 1907 sed
605 1848 660 1907 ille
694 1863 814 1908 munus
853 1848 1017 1908 advexit.'’
1056 1847 1137 1908 Atra
1168 1848 1248 1907 haec
1278 1847 1371 1906 noete
1403 1846 1454 1905 ob-

280 1960 432 2020 souriora.

326 2073 378 2132 87.
404 2073 623 2148 Quaesivi]
652 2077 744 2150 „vide
767 2077 804 2136 ut
827 2075 979 2135 exhibeat
1002 2090 1175 2135 aerumnas
1195 2074 1255 2134 sibi
1276 2072 1455 2133 difficilium

281 2201 455 2247 munerum
495 2179 692 2263 'imposuisse
731 2189 969 2249 meretricem.'’
1004 2190 1065 2248 Pro
1101 2187 1304 2247 exhibeat
1338 2186 1454 2244 Sabba-

282 2299 388 2359 dinius
419 2302 571 2362 coniecit:
604 2304 814 2377 exaugeat
845 2303 1027 2375 aiatque.
1058 2301 1122 2359 Vix
1151 2300 1333 2358 mutatione
1356 2313 1455 2372 opus:

282 2429 347 2472 000
370 2414 457 2472 00110
481 2415 665 2475 incredibile
684 2416 812 2475 videtur
832 2415 1060 2474 exhibendi
1080 2415 1216 2474 verbum
1236 2428 1255 2472 a
1275 2411 1458 2471 Scholiasta

282 2526 343 2586 hoe
373 2542 471 2587 sensu
497 2529 589 2601 poni:
617 2528 765 2603 „magnis
787 2529 960 2588 verborum
983 2527 1173 2603 ambagibus
1197 2527 1294 2598 atque
1317 2523 1457 2584 oratorie

282 2639 401 2712 aliquid
424 2641 678 2700 demonstrare.''

327 2753 369 2811 88
392 2768 440 2826 sq.
672 2753 770 2813 Porro
793 2753 985 2812 Eunuchum
1009 2735 1093 2811 dixti
1114 2752 1197 2811 velle
1221 2753 1263 2826 te,

549 2866 629 2941 Quia
651 2867 739 2925 solae
762 2867 898 2926 utuntur
920 2865 972 2924 his
994 2865 1133 2939 reginae.

282 2981 482 3040 Annotatur:
514 2981 611 3053 quia
641 2981 758 3040 solae
785 2980 964 3040 utuntur
987 2979 1053 3038 his
1076 2979 1268 3053 reginae]
1297 2977 1457 3053 „oratorie

281 3095 334 3153 hio
364 3094 504 3153 subdidit
532 3095 615 3167 quod
646 3094 679 3152 in
702 3093 854 3152 ancillula
876 3092 1111 3166 praetermisit:
1136 3092 1212 3166 quia
1234 3092 1324 3152 nulla
1346 3091 1457 3150 Aethi·

281 3209 390 3283 opissa
412 3210 549 3269 honesta
569 3209 630 3268 diei
649 3209 786 3284 potuit.”
808 3210 911 3268 Sensu
931 3225 1024 3269 oassa
1043 3210 1132 3268 haee.
1153 3209 1340 3282 Legendum
1359 3211 1457 3282 puto:

285 3323 380 3396 „quia
413 3322 502 3381 nulla
537 3323 575 3381 de
609 3322 817 3396 Aethiopissa
850 3322 988 3382 honesta
1021 3323 1126 3383 dioere
1157 3321 1294 3396 potuit.”
1327 3322 1458 3391 (nulla

282 3435 464 3494 honesta
486 3451 542 3509 pro
566 3435 739 3496 honesti
762 3436 894 3506 nihii).

325 3661 366 3737 Π,
394 3661 421 3737 1,
447 3664 477 3721 7.
503 3662 578 3722 Sed
602 3663 802 3736 numquid
826 3663 941 3724 aliud
964 3661 1167 3737 imperas]
1193 3664 1250 3738 „In
1269 3662 1321 3722 his
1341 3679 1457 3723 servus

281 3774 361 3834 nihil
392 3775 464 3833 vuit
494 3775 557 3834 nisi
585 3777 715 3835 coaetus
738 3776 845 3836 faeere
867 3778 996 3851 propter
1018 3777 1176 3836 maiorem
1200 3776 1378 3836 dominum.
1404 3777 1458 3836 Sic

282 3891 314 3948 et
334 3887 410 3948 alibi
433 3887 608 3948 iubesne
628 3889 741 3965 inquit,
763 3890 970 3963 responderet
990 3889 1019 3949 ei
1039 3889 1181 3950 Chaerea
1205 3905 1312 3962 cogo
1329 3891 1457 3962 atque

281 4003 471 4077 impero.”
497 4002 689 4077 Corruptum
712 4003 820 4063 100010
844 4002 964 4078 opinor,
985 4018 1088 4076 neque
1107 4002 1249 4062 10011010
1268 4001 1457 4076 proficimus

280 4117 372 4176 varia
412 4116 550 4177 lectione
592 4117 879 4190 respondente
917 4120 983 4190 (pro
1018 4116 1319 4192 responderet),
1355 4132 1457 4189 quam

281 4229 429 4288 Klotzius
457 4232 490 4289 et
513 4230 725 4289 Sabbadinius
745 4231 943 4304 receperunt.
965 4230 1150 4303 Legendum
1174 4230 1311 4288 arbitror
1330 4231 1374 4288 ut
1394 4246 1456 4289 re·

281 4343 519 4416 sponderet.
552 4341 804 4416 significandum
835 4343 922 4402 enim
950 4344 1001 4401 est
1024 4358 1100 4415 quo
1132 4342 1315 4402 oonsilio
1339 4358 1456 4403 servus

281 4455 458 4517 iubesne
481 4455 651 4531 rogaverit.
