3254 5274
859 655 974 741 18v

565 842 711 904 Profecto
735 860 799 904 non
821 843 894 919 plus
917 845 1051 904 biduum
1075 847 1185 905 aut...

289 956 372 1016 Tum
396 957 554 1017 Phaedria

733 1071 822 1130 Aut?
846 1071 891 1131 nil
915 1088 1023 1132 moror

287 1184 466 1244 Verborum
497 1183 556 1243 nil
586 1200 723 1245 moror
753 1185 805 1244 hic
836 1201 907 1245 esso
939 1202 1054 1245 sensus
1081 1186 1225 1246 videtur:
1253 1188 1343 1263 ,Non
1366 1189 1457 1263 cupio

287 1298 406 1373 audire,
439 1297 505 1357 noli
536 1299 711 1371 quidquam
742 1299 874 1358 addere:
907 1300 945 1358 de
972 1300 1095 1359 maiore
1120 1301 1244 1360 dierum
1268 1304 1459 1361 numerate

285 1411 328 1470 nil
355 1413 459 1472 dicere
483 1413 565 1488 volo,
591 1412 743 1486 quidquid
767 1414 842 1472 sit.”

331 1524 410 1599 Quid
434 1527 489 1585 illo
513 1528 658 1601 tempore
681 1526 778 1586 faciet
802 1526 984 1587 Phaedria?

375 1639 442 1698 Rus
466 1641 517 1699 ibo
541 1641 598 1710 (ait
621 1656 671 1699 vs.
699 1641 789 1711 18711
815 1641 858 1699 ibi
882 1642 942 1700 hoc
964 1657 1018 1700 me
1042 1642 1212 1702 macerabo
1235 1643 1379 1703 biduum.

184 1831 186 1836 Ι
285 1753 401 1828 Lepide
424 1756 660 1829 prudenterque
684 1755 838 1814 admonet
860 1771 919 1814 nos
944 1756 1141 1815 Scholiasta:
1165 1758 1457 1832 ,pronuntiandum

285 1869 335 1926 est
358 1868 529 1929 biduum
553 1885 590 1928 ac
613 1870 641 1928 si
665 1870 803 1928 dixisset
825 1870 1030 1929 biennio.”

328 1983 481 2047 Eiusdem
504 1985 631 2059 generis
655 1987 706 2044 est
729 2000 829 2058 acque
853 2000 931 2043 vera
950 1985 1141 2061 observatio,
1164 2001 1246 2058 quae
1266 1987 1306 2045 ad
1325 2001 1455 2058 sequen·

284 2098 352 2156 tem
375 2113 524 2158 versum:

463 2214 513 2272 Ita
535 2213 640 2272 facere
665 2215 839 2272 certumst:
863 2228 935 2272 mos
959 2214 1137 2286 gerundust
1161 2213 1274 2272 Thaidi

284 2325 418 2401 legitur:
454 2343 547 2402 ,cunr
578 2327 838 2401 pronuntiatione
874 2329 906 2386 et
937 2329 1039 2402 gestu,
1065 2329 1101 2386 ut
1128 2328 1278 2387 ostendat
1301 2343 1382 2400 quae
1405 2329 1455 2386 vis

284 2440 405 2499 amoris
436 2441 479 2499 sit
507 2442 543 2498 ut
574 2441 686 2499 Thaidi
710 2456 782 2499 mos
806 2441 968 2513 geratur.'’
993 2440 1101 2514 Recte,
1126 2442 1162 2498 ut
1185 2441 1321 2500 videtur.
1347 2439 1454 2500 Confe-

283 2552 420 2611 rendum
451 2555 501 2612 est
533 2554 619 2612 enirn
651 2555 733 2627 quod
765 2569 813 2612 vs
846 2555 886 2613 97
913 2554 983 2628 ipsa
1007 2553 1104 2612 Thais
1129 2554 1222 2613 dicit:
1250 2554 1454 2641 ,faciundum

283 2665 376 2725 fuit.”
409 2666 559 2741 Quodque
590 2667 630 2726 ad
660 2667 753 2726 illum
784 2683 916 2726 versum
947 2668 1082 2726 annotat
1113 2667 1294 2726 Scholiasta
1325 2668 1362 2727 de
1394 2683 1454 2727 usu

283 2780 459 2855 gerundivi,
485 2796 549 2839 non
572 2780 650 2839 illud
673 2781 799 2840 tradere
822 2781 950 2839 videtur
974 2780 1056 2853 quod
1080 2796 1176 2840 nemo
1195 2782 1322 2840 inludo
1342 2782 1454 2841 doctus

282 2893 429 2966 ignorare
459 2896 575 2969 potest,
608 2895 665 2954 sed
695 2895 867 2954 admonere
899 2895 1053 2954 lectorem
1076 2894 1182 2972 apud
1209 2895 1454 2954 Terentium

161 3027 162 3030 ¹
282 3008 354 3066 tum
384 2990 581 3081 praesertim
607 3008 698 3067 illam
729 3008 819 3066 verbi
849 3009 989 3068 formam
1020 3008 1163 3067 adhiberi
1187 3023 1261 3066 cum
1286 3008 1324 3066 de
1347 3007 1455 3091 σιδηρᾷ

282 3142 338 3178 τινι
358 3117 473 3204 ἀνάγκῃ
493 3124 607 3196 agatur
627 3124 723 3195 atque
743 3122 904 3195 insignem
925 3122 1086 3194 quandam
1103 3123 1172 3180 eius
1189 3135 1260 3180 esse
1273 3122 1452 3195 emphasin.

326 3235 397 3294 Iam
424 3234 493 3294 sola
516 3236 628 3295 relicta
651 3236 749 3294 Thais
773 3236 933 3309 reliquum
957 3235 1128 3295 consilium
1151 3250 1248 3294 suum
1271 3235 1323 3294 his
1346 3236 1454 3295 verbis

282 3349 400 3422 aperit:

459 3463 499 3522 Et
522 3463 673 3537 quidquid
696 3464 792 3522 huius
815 3463 885 3538 feci,
911 3477 1009 3522 causa
1031 3463 1166 3536 virginis

458 3577 540 3652 Feci,
566 3593 643 3636 nam
666 3593 719 3637 me
743 3578 812 3636 eius
836 3593 928 3651 spero
951 3576 1086 3635 fratrem
1109 3577 1341 3650 propemodum

458 3691 528 3750 lam
552 3692 739 3767 repperisse,
765 3692 1004 3750 adolescentem
1028 3692 1106 3750 adeo
1129 3691 1282 3750 nobilem.

457 3803 497 3863 Et
520 3806 547 3864 is
571 3806 664 3864 hodie
687 3807 861 3864 venturum
885 3806 925 3863 ad
948 3820 1001 3863 me
1025 3805 1194 3863 constituit
1217 3805 1360 3864 domum.

279 3915 339 3977 Ubi
372 3918 450 3976 illud
474 3919 573 3978 adeo
597 3920 654 3978 vix
678 3919 874 3992 intelligeres
897 3919 960 3977 nisi
985 3918 1166 3977 Scholiasta
1187 3920 1220 3977 te
1244 3919 1448 3978 admoneret:

281 4031 401 4106 ,adeo
426 4033 641 4092 exclamantis
665 4035 716 4092 est
739 4034 771 4091 et
795 4048 869 4092 cum
893 4034 987 4106 gestu
1010 4031 1282 4106 pronuntiantis’'

741 4342 982 4353 ......-....-—...-.
