3234 5254
840 633 902 692 192

282 820 311 878 A
334 819 488 894 principio
519 819 605 878 idem
629 819 814 895 elaboravit,
841 825 877 880 ut
900 821 1055 880 adversus
1079 822 1234 895 pudorem
1260 819 1446 879 couscientia

282 934 315 992 et
337 948 416 991 voce
440 935 472 991 et
492 933 692 992 confossione
712 934 874 993 duraret.’'
895 934 1020 993 Ultima
1041 935 1121 993 haec
1141 949 1160 992 a
1180 933 1390 1009 principio
1417 964 1443 970 -

283 1047 456 1104 duraret
478 1061 576 1105 sensu
601 1062 694 1105 cassa
719 1048 875 1122 videntur,
901 1063 1004 1120 neque
1029 1047 1171 1121 suppetit
1195 1047 1386 1106 emendatio.

328 1161 379 1218 23.
405 1161 460 1219 Ab
484 1161 628 1220 nescio
653 1176 729 1234 quo
750 1161 948 1236 improbo]
974 1163 1093 1236 ,...ut
1113 1161 1261 1220 ostendat
1283 1160 1449 1233 ignobilem

282 1272 328 1331 ita
359 1273 530 1332 abiectum.
563 1274 623 1333 Pro
647 1275 708 1333 ita
731 1275 903 1348 legendum
927 1290 1042 1334 censeo
1066 1275 1227 1347 itaque:
1253 1273 1400 1333 abiicitur
1422 1275 1452 1331 et

283 1388 500 1447 contemnitur
522 1388 620 1447 homo
645 1388 727 1460 quod
751 1389 880 1462 ignotus
905 1390 964 1447 est.

327 1501 379 1560 33.
412 1499 563 1574 Quaestio
595 1501 633 1559 de
664 1501 840 1576 mensibuS,
873 1501 905 1559 in
937 1517 1000 1574 qua
1026 1503 1132 1561 totum
1156 1501 1284 1560 fabulae
1308 1503 1452 1559 versatur

282 1616 520 1689 argumentum,
557 1614 617 1673 hoc
651 1615 772 1674 scholio
807 1617 1031 1690 pertractatur,
1065 1615 1120 1674 sed
1145 1615 1265 1674 misera
1290 1615 1451 1673 turbatum

282 1727 369 1787 illud.
406 1728 475 1787 Hoc
508 1730 620 1786 tamen
655 1731 787 1802 apparet
822 1731 988 1788 auctorem
1024 1729 1094 1789 eius
1129 1744 1199 1787 rem
1231 1729 1358 1802 egregie
1389 1743 1450 1802 per-

282 1841 438 1915 spexisse.

328 1955 379 2014 38.
416 1953 608 2013 abortum
643 1957 756 2024 esse]
796 1955 907 2030 „deest
942 1958 1086 2015 natum
1123 1956 1175 2015 vel
1210 1955 1371 2014 factum
1404 1953 1453 2012 vei

282 2067 444 2139 absolute;
481 2068 639 2140 quomodo
674 2068 811 2127 dicimus
846 2085 928 2128 ere
959 2072 1074 2145 nata,
1108 2070 1159 2129 irai
1183 2068 1452 2143 quemadmodum

282 2181 419 2240 dicimus
443 2184 539 2241 exte
563 2182 644 2240 mihi
668 2185 738 2241 orta
762 2184 813 2242 est
836 2184 984 2243 iniuria.’'
1010 2184 1098 2243 Haec
1122 2199 1247 2257 quoque
1270 2183 1453 2258 perturbata

282 2295 329 2354 ita
351 2296 388 2353 ut
408 2294 475 2354 iam
498 2296 625 2355 restitui
649 2300 819 2370 nequeant.

328 2522 383 2597 HI,
405 2523 434 2598 4,
457 2523 486 2581 6.
508 2521 715 2591 Miserias]
739 2523 982 2596 „navigationes
995 2523 1150 2582 scilicet.”
1165 2522 1270 2580 Immo
1290 2521 1451 2593 naviga-

282 2636 433 2695 tionis:
459 2636 497 2694 de
520 2651 584 2694 una
607 2635 659 2694 bic
682 2635 888 2709 navigatione
912 2637 1018 2710 agitur
1042 2637 1174 2710 eiusque
1194 2635 1345 2695 miserias
1366 2634 1453 2693 Sosia

283 2748 453 2823 significat.

329 2864 378 2922 15.
404 2863 484 2936 Ego
508 2863 615 2921 hunc
638 2863 778 2933 adibo]
803 2863 874 2938 ,vel
894 2879 979 2922 nova
999 2863 1185 2922 curiositate
1206 2861 1451 2921 ait-Parmeno.”

283 2976 362 3051 Quid
386 2977 419 3034 in
443 2977 505 3035 isto
528 2976 595 3034 val
618 2977 719 3035 lateat
742 2992 806 3035 nou
829 2977 968 3036 invenie.

327 3092 378 3150 29.
414 3090 500 3149 Non
534 3105 645 3165 queo,
682 3091 742 3149 ita
778 3091 975 3149 defessus
1007 3093 1114 3160 sum]
1147 3090 1225 3163 ,hoc
1250 3089 1283 3147 in
1306 3091 1400 3162 gestu
1423 3090 1453 3146 et

281 3205 463 3278 spectaculo
497 3206 570 3279 plus
602 3208 667 3264 ost:
700 3221 777 3264 uam
808 3205 936 3264 incessu
961 3207 992 3264 ot
1016 3207 1127 3264 auctor
1151 3204 1305 3278 exprimit
1328 3204 1451 3262 lassit-

282 3319 422 3378 dinem.”
464 3321 524 3379 Pro
567 3335 658 3379 nam
701 3320 873 3378 incessu
909 3321 949 3379 et
984 3321 1132 3378 auctor
1166 3318 1253 3392 lege:
1290 3332 1382 3376 nam
1416 3317 1452 3375 et

280 3432 453 3492 incessu
477 3435 603 3493 actor.

325 3655 381 3729 HI,
404 3657 432 3730 5,
455 3655 484 3715 8.
506 3654 611 3716 Cedo
632 3657 728 3730 quid
751 3691 787 3698 -
811 3654 1451 3731 noster]Corruptumadhunclocum

280 3768 425 3827 scholion
467 3785 486 3828 a
519 3770 745 3829 Westerhovio
781 3771 901 3845 optime
937 3770 1114 3844 corrigitur,
1151 3767 1452 3829 remittendam

280 3899 336 3958 pro
360 3886 641 3944 revocandam
664 3885 833 3944 scribente.

326 3999 375 4058 18.
423 3999 467 4057 At
486 3997 567 4058 istos
587 3999 713 4059 invidos
733 3999 764 4058 di
784 4000 919 4073 perdant
939 4000 993 4071 qui
1013 3999 1092 4058 haec
1111 3998 1248 4057 libenter
1268 3997 1427 4056 nuntiant.

280 4114 403 4173 Laches
434 4113 494 4172 hoc
524 4113 601 4172 dicit
625 4128 821 4186 cognoscens
843 4114 982 4172 veritate
1006 4113 1139 4172 iuventa
1162 4127 1259 4171 suum
1282 4111 1450 4185 deprehen·

280 4243 353 4287 sum
384 4227 600 4287 mendacium.
633 4229 832 4287 Annotatur:
868 4230 928 4302 ,at
959 4228 1069 4286 istos
1101 4227 1271 4285 invidos
1303 4226 1341 4284 di
1373 4239 1450 4298 per-

280 4344 398 4412 dant]
422 4342 521 4416 „bene
543 4341 668 4400 invidos
689 4342 743 4413 qui
763 4341 971 4399 matrimonio
991 4341 1166 4399 invideant.
1180 4339 1263 4412 Ergo
1276 4337 1451 4398 revocanda

282 4472 361 4516 uxor
393 4458 452 4515 est.
484 4455 522 4512 Et
552 4455 629 4514 adeo
654 4471 717 4514 non
741 4455 853 4527 puduit
877 4454 1037 4512 mendacii
1060 4455 1195 4513 honeste
1219 4453 1449 4527 deprehensum
