<?xml version="1.0" encoding="UTF-8"?>
<!DOCTYPE html PUBLIC "-//W3C//DTD XHTML 1.0 Transitional//EN"
    "http://www.w3.org/TR/xhtml1/DTD/xhtml1-transitional.dtd">
<html xmlns="http://www.w3.org/1999/xhtml" xml:lang="en" lang="en">
 <head>
  <title>
</title>
<meta http-equiv="Content-Type" content="text/html;charset=utf-8" />
  <meta name='ocr-system' content='tesseract 3.04.00' />
  <meta name='ocr-capabilities' content='ocr_page ocr_carea ocr_par ocr_line ocrx_word'/>
</head>
<body>
  <div class='ocr_page' id='page_1' title='image "./deterentioetdon00hartgoog_0123.png"; bbox 0 0 3230 5260; ppageno 0'>
   <div class='ocr_carea' id='block_1_1' title="bbox 763 635 824 697">
    <p class='ocr_par' dir='ltr' id='par_1_1' title="bbox 763 635 824 697">
     <span class='ocr_line' id='line_1_1' title="bbox 763 635 824 697; baseline 0.098 -5"><span class='ocrx_word' id='word_1_1' title='bbox 763 635 824 697; x_wconf 89' lang='lat'>108</span> 
     </span>
    </p>
   </div>
   <div class='ocr_carea' id='block_1_2' title="bbox 158 823 1379 3858">
    <p class='ocr_par' dir='ltr' id='par_1_2' title="bbox 158 823 1379 2607">
     <span class='ocr_line' id='line_1_2' title="bbox 203 823 1377 898; baseline 0.003 -16"><span class='ocrx_word' id='word_1_2' title='bbox 203 823 370 882; x_wconf 89' lang='lat' dir='ltr'>obtestans</span> <span class='ocrx_word' id='word_1_3' title='bbox 394 824 432 882; x_wconf 90' lang='lat' dir='ltr'>de</span> <span class='ocrx_word' id='word_1_4' title='bbox 456 839 515 882; x_wconf 86' lang='lat' dir='ltr'>sua</span> <span class='ocrx_word' id='word_1_5' title='bbox 538 824 671 884; x_wconf 88' lang='lat' dir='ltr'>miseria</span> <span class='ocrx_word' id='word_1_6' title='bbox 694 825 795 898; x_wconf 84' lang='lat' dir='ltr'>deque</span> <span class='ocrx_word' id='word_1_7' title='bbox 818 823 876 884; x_wconf 91' lang='lat' dir='ltr'>filii</span> <span class='ocrx_word' id='word_1_8' title='bbox 900 826 1043 898; x_wconf 75' lang='lat' dir='ltr'>nequitia</span> <span class='ocrx_word' id='word_1_9' title='bbox 1066 825 1273 885; x_wconf 87' lang='lat' dir='ltr'>lamentatur.</span> <span class='ocrx_word' id='word_1_10' title='bbox 1298 827 1377 886; x_wconf 83' lang='lat' dir='ltr'>(lon-</span> 
     </span>
     <span class='ocr_line' id='line_1_3' title="bbox 203 939 1378 1014; baseline 0.003 -18"><span class='ocrx_word' id='word_1_11' title='bbox 203 939 298 1012; x_wconf 88' lang='lat' dir='ltr'>spicit</span> <span class='ocrx_word' id='word_1_12' title='bbox 333 954 407 997; x_wconf 89' lang='lat' dir='ltr'>eum</span> <span class='ocrx_word' id='word_1_13' title='bbox 442 939 542 998; x_wconf 85' lang='lat' dir='ltr'>irater</span> <span class='ocrx_word' id='word_1_14' title='bbox 576 941 609 998; x_wconf 87' lang='lat' dir='ltr'>et</span> <span class='ocrx_word' id='word_1_15' title='bbox 639 941 714 1012; x_wconf 90' lang='lat' dir='ltr'>quid</span> <span class='ocrx_word' id='word_1_16' title='bbox 739 942 883 999; x_wconf 88' lang='lat' dir='ltr'>evenerit</span> <span class='ocrx_word' id='word_1_17' title='bbox 906 942 1019 1000; x_wconf 86' lang='lat' dir='ltr'>statim</span> <span class='ocrx_word' id='word_1_18' title='bbox 1043 941 1222 1014; x_wconf 87' lang='lat' dir='ltr'>divinatur;</span> <span class='ocrx_word' id='word_1_19' title='bbox 1247 941 1378 1013; x_wconf 90' lang='lat' dir='ltr'>iamque</span> 
     </span>
     <span class='ocr_line' id='line_1_4' title="bbox 158 1049 1379 1129; baseline 0.002 -19"><span class='ocrx_word' id='word_1_20' title='bbox 158 1049 162 1060; x_wconf 87' lang='lat'>&#39;</span> <span class='ocrx_word' id='word_1_21' title='bbox 203 1067 298 1111; x_wconf 91' lang='lat' dir='ltr'>omne</span> <span class='ocrx_word' id='word_1_22' title='bbox 333 1053 580 1111; x_wconf 90' lang='lat' dir='ltr'>maledictorum</span> <span class='ocrx_word' id='word_1_23' title='bbox 614 1069 716 1126; x_wconf 86' lang='lat' dir='ltr'>genus</span> <span class='ocrx_word' id='word_1_24' title='bbox 750 1053 804 1113; x_wconf 92' lang='lat' dir='ltr'>ille</span> <span class='ocrx_word' id='word_1_25' title='bbox 839 1055 872 1112; x_wconf 92' lang='lat' dir='ltr'>in</span> <span class='ocrx_word' id='word_1_26' title='bbox 904 1054 1012 1113; x_wconf 91' lang='lat' dir='ltr'>animo</span> <span class='ocrx_word' id='word_1_27' title='bbox 1044 1054 1181 1129; x_wconf 75' lang='lat' dir='ltr'>collegit,</span> <span class='ocrx_word' id='word_1_28' title='bbox 1207 1055 1273 1113; x_wconf 89' lang='lat' dir='ltr'>iam</span> <span class='ocrx_word' id='word_1_29' title='bbox 1297 1054 1379 1114; x_wconf 88' lang='lat' dir='ltr'>haec</span> 
     </span>
     <span class='ocr_line' id='line_1_5' title="bbox 200 1165 884 1240; baseline 0.003 -16"><span class='ocrx_word' id='word_1_30' title='bbox 200 1166 299 1225; x_wconf 87' lang='lat' dir='ltr'>verba</span> <span class='ocrx_word' id='word_1_31' title='bbox 322 1166 508 1225; x_wconf 75' lang='lat' dir='ltr'>acerbitatis</span> <span class='ocrx_word' id='word_1_32' title='bbox 531 1165 626 1240; x_wconf 89' lang='lat' dir='ltr'>plena</span> <span class='ocrx_word' id='word_1_33' title='bbox 649 1182 761 1226; x_wconf 88' lang='lat' dir='ltr'>secum</span> <span class='ocrx_word' id='word_1_34' title='bbox 785 1167 884 1227; x_wconf 82' lang='lat' dir='ltr'>dixit:</span> 
     </span>
     <span class='ocr_line' id='line_1_6' title="bbox 850 1281 1087 1341; baseline 0 -1"><span class='ocrx_word' id='word_1_35' title='bbox 850 1281 971 1341; x_wconf 84' lang='lat' dir='ltr'>Eccum</span> <span class='ocrx_word' id='word_1_36' title='bbox 995 1283 1087 1340; x_wconf 88' lang='lat' dir='ltr'>adest</span> 
     </span>
     <span class='ocr_line' id='line_1_7' title="bbox 334 1393 1071 1472; baseline 0 -18"><span class='ocrx_word' id='word_1_37' title='bbox 334 1393 524 1454; x_wconf 81' lang='lat' dir='ltr'>Communis</span> <span class='ocrx_word' id='word_1_38' title='bbox 548 1396 728 1468; x_wconf 87' lang='lat' dir='ltr'>corruptela</span> <span class='ocrx_word' id='word_1_39' title='bbox 751 1398 900 1455; x_wconf 88' lang='lat' dir='ltr'>nostrum</span> <span class='ocrx_word' id='word_1_40' title='bbox 924 1395 1071 1472; x_wconf 89' lang='lat' dir='ltr'>liberum,</span> 
     </span>
     <span class='ocr_line' id='line_1_8' title="bbox 201 1508 1377 1582; baseline 0 -16"><span class='ocrx_word' id='word_1_41' title='bbox 201 1523 275 1566; x_wconf 89' lang='lat' dir='ltr'>cum</span> <span class='ocrx_word' id='word_1_42' title='bbox 295 1508 480 1582; x_wconf 85' lang='lat' dir='ltr'>placaturus</span> <span class='ocrx_word' id='word_1_43' title='bbox 500 1508 599 1566; x_wconf 85' lang='lat' dir='ltr'>irater</span> <span class='ocrx_word' id='word_1_44' title='bbox 620 1509 743 1567; x_wconf 88' lang='lat' dir='ltr'>accedit</span> <span class='ocrx_word' id='word_1_45' title='bbox 762 1509 872 1582; x_wconf 88' lang='lat' dir='ltr'>iraque</span> <span class='ocrx_word' id='word_1_46' title='bbox 893 1509 1110 1568; x_wconf 86' lang='lat' dir='ltr'>insanientem</span> <span class='ocrx_word' id='word_1_47' title='bbox 1126 1508 1173 1567; x_wconf 88' lang='lat' dir='ltr'>sio</span> <span class='ocrx_word' id='word_1_48' title='bbox 1185 1508 1377 1582; x_wconf 90' lang='lat' dir='ltr'>alloquitur:</span> 
     </span>
     <span class='ocr_line' id='line_1_9' title="bbox 334 1619 1203 1695; baseline 0.001 -16"><span class='ocrx_word' id='word_1_49' title='bbox 334 1619 477 1680; x_wconf 81' lang='lat' dir='ltr'>Tandem</span> <span class='ocrx_word' id='word_1_50' title='bbox 501 1622 639 1694; x_wconf 90' lang='lat' dir='ltr'>reprime</span> <span class='ocrx_word' id='word_1_51' title='bbox 663 1621 864 1680; x_wconf 88' lang='lat' dir='ltr'>iracundiam</span> <span class='ocrx_word' id='word_1_52' title='bbox 887 1623 984 1695; x_wconf 89' lang='lat' dir='ltr'>atque</span> <span class='ocrx_word' id='word_1_53' title='bbox 1008 1623 1047 1681; x_wconf 95' lang='lat' dir='ltr'>ad</span> <span class='ocrx_word' id='word_1_54' title='bbox 1071 1624 1103 1681; x_wconf 90' lang='lat' dir='ltr'>te</span> <span class='ocrx_word' id='word_1_55' title='bbox 1126 1621 1203 1681; x_wconf 88' lang='lat' dir='ltr'>redi.</span> 
     </span>
     <span class='ocr_line' id='line_1_10' title="bbox 245 1735 401 1794; baseline -0.013 0"><span class='ocrx_word' id='word_1_56' title='bbox 245 1735 306 1794; x_wconf 85' lang='lat' dir='ltr'>Hic</span> <span class='ocrx_word' id='word_1_57' title='bbox 330 1735 401 1793; x_wconf 90' lang='lat' dir='ltr'>ille:</span> 
     </span>
     <span class='ocr_line' id='line_1_11' title="bbox 333 1849 1073 1923; baseline 0.004 -16"><span class='ocrx_word' id='word_1_58' title='bbox 333 1850 484 1923; x_wconf 87' lang='lat' dir='ltr'>Repressi</span> <span class='ocrx_word' id='word_1_59' title='bbox 508 1850 603 1909; x_wconf 89' lang='lat' dir='ltr'>redii:</span> <span class='ocrx_word' id='word_1_60' title='bbox 629 1851 726 1910; x_wconf 90' lang='lat' dir='ltr'>mitto</span> <span class='ocrx_word' id='word_1_61' title='bbox 750 1849 924 1910; x_wconf 87' lang='lat' dir='ltr'>maledicta</span> <span class='ocrx_word' id='word_1_62' title='bbox 947 1851 1073 1911; x_wconf 88' lang='lat' dir='ltr'>omnia:</span> 
     </span>
     <span class='ocr_line' id='line_1_12' title="bbox 333 1965 1261 2038; baseline 0.002 -16"><span class='ocrx_word' id='word_1_63' title='bbox 333 1965 415 2022; x_wconf 87' lang='lat' dir='ltr'>Rem</span> <span class='ocrx_word' id='word_1_64' title='bbox 438 1965 544 2037; x_wconf 90' lang='lat' dir='ltr'>ipsam</span> <span class='ocrx_word' id='word_1_65' title='bbox 567 1967 737 2038; x_wconf 87' lang='lat' dir='ltr'>putemus:</span> <span class='ocrx_word' id='word_1_66' title='bbox 763 1965 886 2024; x_wconf 89' lang='lat' dir='ltr'>dictum</span> <span class='ocrx_word' id='word_1_67' title='bbox 910 1966 971 2024; x_wconf 92' lang='lat' dir='ltr'>hoc</span> <span class='ocrx_word' id='word_1_68' title='bbox 994 1966 1078 2025; x_wconf 90' lang='lat' dir='ltr'>inter</span> <span class='ocrx_word' id='word_1_69' title='bbox 1101 1982 1161 2026; x_wconf 87' lang='lat' dir='ltr'>nos</span> <span class='ocrx_word' id='word_1_70' title='bbox 1184 1966 1261 2024; x_wconf 85' lang='lat' dir='ltr'>fuit:</span> 
     </span>
     <span class='ocr_line' id='line_1_13' title="bbox 333 2079 1179 2155; baseline 0.004 -19"><span class='ocrx_word' id='word_1_71' title='bbox 333 2079 382 2136; x_wconf 84' lang='lat' dir='ltr'>Ex</span> <span class='ocrx_word' id='word_1_72' title='bbox 404 2080 437 2137; x_wconf 86' lang='lat' dir='ltr'>te</span> <span class='ocrx_word' id='word_1_73' title='bbox 461 2079 540 2138; x_wconf 89' lang='lat' dir='ltr'>adeo</span> <span class='ocrx_word' id='word_1_74' title='bbox 564 2081 614 2138; x_wconf 88' lang='lat' dir='ltr'>est</span> <span class='ocrx_word' id='word_1_75' title='bbox 638 2082 755 2153; x_wconf 90' lang='lat' dir='ltr'>ortum,</span> <span class='ocrx_word' id='word_1_76' title='bbox 781 2094 821 2138; x_wconf 93' lang='lat' dir='ltr'>ne</span> <span class='ocrx_word' id='word_1_77' title='bbox 844 2081 880 2138; x_wconf 92' lang='lat' dir='ltr'>tu</span> <span class='ocrx_word' id='word_1_78' title='bbox 905 2095 1034 2138; x_wconf 88' lang='lat' dir='ltr'>curares</span> <span class='ocrx_word' id='word_1_79' title='bbox 1058 2096 1179 2155; x_wconf 88' lang='lat' dir='ltr'>meum,</span> 
     </span>
     <span class='ocr_line' id='line_1_14' title="bbox 333 2193 828 2267; baseline 0.004 -17"><span class='ocrx_word' id='word_1_80' title='bbox 333 2193 421 2251; x_wconf 89' lang='lat' dir='ltr'>Neve</span> <span class='ocrx_word' id='word_1_81' title='bbox 445 2209 503 2267; x_wconf 84' lang='lat' dir='ltr'>ego</span> <span class='ocrx_word' id='word_1_82' title='bbox 526 2196 637 2253; x_wconf 88' lang='lat' dir='ltr'>tuum:</span> <span class='ocrx_word' id='word_1_83' title='bbox 663 2194 828 2266; x_wconf 88' lang='lat' dir='ltr'>responde.</span> 
     </span>
     <span class='ocr_line' id='line_1_15' title="bbox 199 2306 1377 2382; baseline 0.003 -19"><span class='ocrx_word' id='word_1_84' title='bbox 199 2306 284 2364; x_wconf 85' lang='lat' dir='ltr'>Nihil</span> <span class='ocrx_word' id='word_1_85' title='bbox 319 2306 435 2364; x_wconf 90' lang='lat' dir='ltr'>horum</span> <span class='ocrx_word' id='word_1_86' title='bbox 469 2306 621 2382; x_wconf 83' lang='lat' dir='ltr'>intelligit</span> <span class='ocrx_word' id='word_1_87' title='bbox 656 2307 709 2380; x_wconf 91' lang='lat' dir='ltr'>qui</span> <span class='ocrx_word' id='word_1_88' title='bbox 743 2306 900 2366; x_wconf 90' lang='lat' dir='ltr'>vocabula</span> <span class='ocrx_word' id='word_1_89' title='bbox 934 2307 1160 2366; x_wconf 89' lang='lat' dir='ltr'>tantummodo</span> <span class='ocrx_word' id='word_1_90' title='bbox 1195 2307 1282 2382; x_wconf 84' lang='lat' dir='ltr'>legit,</span> <span class='ocrx_word' id='word_1_91' title='bbox 1318 2309 1377 2366; x_wconf 90' lang='lat' dir='ltr'>sed</span> 
     </span>
     <span class='ocr_line' id='line_1_16' title="bbox 199 2419 1378 2493; baseline 0.003 -17"><span class='ocrx_word' id='word_1_92' title='bbox 199 2433 316 2477; x_wconf 91' lang='lat' dir='ltr'>sonum</span> <span class='ocrx_word' id='word_1_93' title='bbox 348 2434 460 2478; x_wconf 87' lang='lat' dir='ltr'>eorum</span> <span class='ocrx_word' id='word_1_94' title='bbox 491 2435 555 2478; x_wconf 91' lang='lat' dir='ltr'>non</span> <span class='ocrx_word' id='word_1_95' title='bbox 583 2420 681 2479; x_wconf 91' lang='lat' dir='ltr'>audit.</span> <span class='ocrx_word' id='word_1_96' title='bbox 705 2419 828 2478; x_wconf 89' lang='lat' dir='ltr'>Verum</span> <span class='ocrx_word' id='word_1_97' title='bbox 851 2422 980 2493; x_wconf 89' lang='lat' dir='ltr'>praesto</span> <span class='ocrx_word' id='word_1_98' title='bbox 1004 2420 1096 2479; x_wconf 91' lang='lat' dir='ltr'>nobis</span> <span class='ocrx_word' id='word_1_99' title='bbox 1120 2422 1170 2479; x_wconf 88' lang='lat' dir='ltr'>est</span> <span class='ocrx_word' id='word_1_100' title='bbox 1195 2421 1378 2480; x_wconf 86' lang='lat' dir='ltr'>Scholiasta</span> 
     </span>
     <span class='ocr_line' id='line_1_17' title="bbox 198 2533 674 2607; baseline 0 -17"><span class='ocrx_word' id='word_1_101' title='bbox 198 2533 371 2607; x_wconf 87' lang='lat' dir='ltr'>praeclaris</span> <span class='ocrx_word' id='word_1_102' title='bbox 395 2533 674 2593; x_wconf 88' lang='lat' dir='ltr'>annotationibus:</span> 
     </span>
    </p>

    <p class='ocr_par' dir='ltr' id='par_1_3' title="bbox 198 2647 1377 3744">
     <span class='ocr_line' id='line_1_18' title="bbox 247 2647 1376 2723; baseline 0.002 -18"><span class='ocrx_word' id='word_1_103' title='bbox 247 2647 484 2722; x_wconf 86' lang='lat' dir='ltr'>,Repressi,</span> <span class='ocrx_word' id='word_1_104' title='bbox 509 2648 634 2707; x_wconf 90' lang='lat' dir='ltr'>redii:</span> <span class='ocrx_word' id='word_1_105' title='bbox 659 2648 730 2707; x_wconf 89' lang='lat' dir='ltr'>Non</span> <span class='ocrx_word' id='word_1_106' title='bbox 749 2648 824 2719; x_wconf 92' lang='lat' dir='ltr'>quid</span> <span class='ocrx_word' id='word_1_107' title='bbox 849 2648 981 2723; x_wconf 88' lang='lat' dir='ltr'>dicatur,</span> <span class='ocrx_word' id='word_1_108' title='bbox 1007 2648 1064 2706; x_wconf 91' lang='lat' dir='ltr'>sed</span> <span class='ocrx_word' id='word_1_109' title='bbox 1087 2663 1149 2720; x_wconf 90' lang='lat' dir='ltr'>quo</span> <span class='ocrx_word' id='word_1_110' title='bbox 1173 2649 1268 2722; x_wconf 87' lang='lat' dir='ltr'>gestu</span> <span class='ocrx_word' id='word_1_111' title='bbox 1292 2648 1376 2708; x_wconf 89' lang='lat' dir='ltr'>dica-</span> 
     </span>
     <span class='ocr_line' id='line_1_19' title="bbox 198 2760 1377 2835; baseline 0 -16"><span class='ocrx_word' id='word_1_112' title='bbox 198 2763 251 2820; x_wconf 91' lang='lat' dir='ltr'>tur</span> <span class='ocrx_word' id='word_1_113' title='bbox 289 2763 408 2835; x_wconf 88' lang='lat' dir='ltr'>specta,</span> <span class='ocrx_word' id='word_1_114' title='bbox 445 2763 478 2820; x_wconf 93' lang='lat' dir='ltr'>et</span> <span class='ocrx_word' id='word_1_115' title='bbox 511 2761 634 2819; x_wconf 89' lang='lat' dir='ltr'>videbis</span> <span class='ocrx_word' id='word_1_116' title='bbox 669 2776 772 2833; x_wconf 91' lang='lat' dir='ltr'>neque</span> <span class='ocrx_word' id='word_1_117' title='bbox 807 2761 1000 2834; x_wconf 89' lang='lat' dir='ltr'>repressisse</span> <span class='ocrx_word' id='word_1_118' title='bbox 1035 2760 1140 2819; x_wconf 91' lang='lat' dir='ltr'>adhuc</span> <span class='ocrx_word' id='word_1_119' title='bbox 1174 2761 1377 2820; x_wconf 90' lang='lat' dir='ltr'>iracundiam</span> 
     </span>
     <span class='ocr_line' id='line_1_20' title="bbox 198 2875 1376 2949; baseline -0.002 -15"><span class='ocrx_word' id='word_1_120' title='bbox 198 2892 301 2949; x_wconf 90' lang='lat' dir='ltr'>neque</span> <span class='ocrx_word' id='word_1_121' title='bbox 333 2877 372 2935; x_wconf 95' lang='lat' dir='ltr'>ad</span> <span class='ocrx_word' id='word_1_122' title='bbox 396 2891 431 2934; x_wconf 86' lang='lat' dir='ltr'>se</span> <span class='ocrx_word' id='word_1_123' title='bbox 454 2876 588 2934; x_wconf 88' lang='lat' dir='ltr'>rediisse</span> <span class='ocrx_word' id='word_1_124' title='bbox 611 2875 777 2949; x_wconf 87' lang='lat' dir='ltr'>Demeam,</span> <span class='ocrx_word' id='word_1_125' title='bbox 803 2875 859 2934; x_wconf 90' lang='lat' dir='ltr'>sed</span> <span class='ocrx_word' id='word_1_126' title='bbox 883 2890 981 2948; x_wconf 91' lang='lat' dir='ltr'>quam</span> <span class='ocrx_word' id='word_1_127' title='bbox 1005 2876 1089 2934; x_wconf 87' lang='lat' dir='ltr'>mira</span> <span class='ocrx_word' id='word_1_128' title='bbox 1112 2876 1163 2934; x_wconf 89' lang='lat' dir='ltr'>est</span> <span class='ocrx_word' id='word_1_129' title='bbox 1186 2876 1283 2948; x_wconf 91' lang='lat' dir='ltr'>atque</span> <span class='ocrx_word' id='word_1_130' title='bbox 1306 2890 1376 2949; x_wconf 93' lang='lat' dir='ltr'>per-</span> 
     </span>
     <span class='ocr_line' id='line_1_21' title="bbox 198 2987 1375 3064; baseline -0.001 -16"><span class='ocrx_word' id='word_1_131' title='bbox 198 2990 310 3064; x_wconf 89' lang='lat' dir='ltr'>spicua</span> <span class='ocrx_word' id='word_1_132' title='bbox 343 2990 520 3063; x_wconf 73' lang='lat' dir='ltr'>moralitas</span> <span class='ocrx_word' id='word_1_133' title='bbox 557 2989 590 3046; x_wconf 91' lang='lat' dir='ltr'>in</span> <span class='ocrx_word' id='word_1_134' title='bbox 625 2988 811 3047; x_wconf 87' lang='lat' dir='ltr'>huiusmodi</span> <span class='ocrx_word' id='word_1_135' title='bbox 846 2989 941 3047; x_wconf 88' lang='lat' dir='ltr'>rebus</span> <span class='ocrx_word' id='word_1_136' title='bbox 976 2989 1141 3062; x_wconf 89' lang='lat' dir='ltr'>apparet.”</span> <span class='ocrx_word' id='word_1_137' title='bbox 1178 2987 1219 3047; x_wconf 76' lang='lat' dir='ltr'>lit</span> <span class='ocrx_word' id='word_1_138' title='bbox 1257 2988 1375 3062; x_wconf 88' lang='lat' dir='ltr'>,Rem</span> 
     </span>
     <span class='ocr_line' id='line_1_22' title="bbox 198 3101 1377 3177; baseline 0.001 -17"><span class='ocrx_word' id='word_1_139' title='bbox 198 3103 333 3177; x_wconf 88' lang='lat' dir='ltr'>ipsam</span> <span class='ocrx_word' id='word_1_140' title='bbox 356 3105 562 3176; x_wconf 85' lang='lat' dir='ltr'>putemus.</span> <span class='ocrx_word' id='word_1_141' title='bbox 586 3102 721 3160; x_wconf 89' lang='lat' dir='ltr'>Videtur</span> <span class='ocrx_word' id='word_1_142' title='bbox 744 3101 839 3175; x_wconf 90' lang='lat' dir='ltr'>paulo</span> <span class='ocrx_word' id='word_1_143' title='bbox 863 3102 959 3160; x_wconf 89' lang='lat' dir='ltr'>citius</span> <span class='ocrx_word' id='word_1_144' title='bbox 979 3102 1254 3176; x_wconf 75' lang='lat' dir='ltr'>destomachatus</span> <span class='ocrx_word' id='word_1_145' title='bbox 1276 3117 1377 3175; x_wconf 91' lang='lat' dir='ltr'>quam</span> 
     </span>
     <span class='ocr_line' id='line_1_23' title="bbox 198 3215 1377 3290; baseline -0.003 -14"><span class='ocrx_word' id='word_1_146' title='bbox 198 3233 250 3276; x_wconf 85' lang='lat' dir='ltr'>res</span> <span class='ocrx_word' id='word_1_147' title='bbox 282 3218 382 3276; x_wconf 90' lang='lat' dir='ltr'>etiam</span> <span class='ocrx_word' id='word_1_148' title='bbox 412 3218 536 3276; x_wconf 90' lang='lat' dir='ltr'>incerta</span> <span class='ocrx_word' id='word_1_149' title='bbox 567 3217 770 3290; x_wconf 86' lang='lat' dir='ltr'>exposcebat.</span> <span class='ocrx_word' id='word_1_150' title='bbox 800 3216 861 3273; x_wconf 84' lang='lat' dir='ltr'>Sed</span> <span class='ocrx_word' id='word_1_151' title='bbox 885 3217 918 3274; x_wconf 90' lang='lat' dir='ltr'>et</span> <span class='ocrx_word' id='word_1_152' title='bbox 941 3215 1002 3274; x_wconf 92' lang='lat' dir='ltr'>hoc</span> <span class='ocrx_word' id='word_1_153' title='bbox 1024 3215 1157 3274; x_wconf 90' lang='lat' dir='ltr'>morale.</span> <span class='ocrx_word' id='word_1_154' title='bbox 1182 3215 1267 3274; x_wconf 87' lang='lat' dir='ltr'>Nam</span> <span class='ocrx_word' id='word_1_155' title='bbox 1290 3216 1377 3274; x_wconf 87' lang='lat' dir='ltr'>iuste</span> 
     </span>
     <span class='ocr_line' id='line_1_24' title="bbox 199 3328 1377 3403; baseline -0.002 -14"><span class='ocrx_word' id='word_1_156' title='bbox 199 3332 273 3390; x_wconf 89' lang='lat' dir='ltr'>irati</span> <span class='ocrx_word' id='word_1_157' title='bbox 307 3332 430 3390; x_wconf 84' lang='lat' dir='ltr'>omissa</span> <span class='ocrx_word' id='word_1_158' title='bbox 460 3330 599 3389; x_wconf 89' lang='lat' dir='ltr'>saevitia</span> <span class='ocrx_word' id='word_1_159' title='bbox 629 3330 669 3388; x_wconf 90' lang='lat' dir='ltr'>ad</span> <span class='ocrx_word' id='word_1_160' title='bbox 704 3329 967 3388; x_wconf 84' lang='lat' dir='ltr'>ratiocinationes</span> <span class='ocrx_word' id='word_1_161' title='bbox 1001 3344 1097 3403; x_wconf 88' lang='lat' dir='ltr'>saepe</span> <span class='ocrx_word' id='word_1_162' title='bbox 1132 3328 1298 3388; x_wconf 87' lang='lat' dir='ltr'>festinant.</span> <span class='ocrx_word' id='word_1_163' title='bbox 1333 3328 1377 3387; x_wconf 88' lang='lat' dir='ltr'>Et</span> 
     </span>
     <span class='ocr_line' id='line_1_25' title="bbox 198 3442 1375 3518; baseline -0.002 -16"><span class='ocrx_word' id='word_1_164' title='bbox 198 3447 365 3518; x_wconf 89' lang='lat' dir='ltr'>praeterea</span> <span class='ocrx_word' id='word_1_165' title='bbox 400 3444 477 3502; x_wconf 89' lang='lat' dir='ltr'>illud</span> <span class='ocrx_word' id='word_1_166' title='bbox 509 3443 640 3517; x_wconf 88' lang='lat' dir='ltr'>accedit,</span> <span class='ocrx_word' id='word_1_167' title='bbox 670 3443 753 3515; x_wconf 93' lang='lat' dir='ltr'>quod</span> <span class='ocrx_word' id='word_1_168' title='bbox 784 3457 848 3500; x_wconf 92' lang='lat' dir='ltr'>non</span> <span class='ocrx_word' id='word_1_169' title='bbox 872 3442 997 3500; x_wconf 91' lang='lat' dir='ltr'>invenit</span> <span class='ocrx_word' id='word_1_170' title='bbox 1020 3442 1104 3515; x_wconf 91' lang='lat' dir='ltr'>quod</span> <span class='ocrx_word' id='word_1_171' title='bbox 1127 3442 1194 3501; x_wconf 91' lang='lat' dir='ltr'>iam</span> <span class='ocrx_word' id='word_1_172' title='bbox 1219 3442 1375 3515; x_wconf 83' lang='lat' dir='ltr'>condigne</span> 
     </span>
     <span class='ocr_line' id='line_1_26' title="bbox 199 3556 1375 3633; baseline -0.002 -16"><span class='ocrx_word' id='word_1_173' title='bbox 199 3558 293 3633; x_wconf 89' lang='lat' dir='ltr'>dicat,</span> <span class='ocrx_word' id='word_1_174' title='bbox 330 3556 428 3616; x_wconf 87' lang='lat' dir='ltr'>simul</span> <span class='ocrx_word' id='word_1_175' title='bbox 463 3557 563 3616; x_wconf 90' lang='lat' dir='ltr'>etiam</span> <span class='ocrx_word' id='word_1_176' title='bbox 598 3557 673 3628; x_wconf 91' lang='lat' dir='ltr'>quia</span> <span class='ocrx_word' id='word_1_177' title='bbox 707 3557 883 3629; x_wconf 86' lang='lat' dir='ltr'>increpitus</span> <span class='ocrx_word' id='word_1_178' title='bbox 918 3558 969 3615; x_wconf 87' lang='lat' dir='ltr'>est</span> <span class='ocrx_word' id='word_1_179' title='bbox 999 3572 1018 3615; x_wconf 91' lang='lat' dir='ltr'>a</span> <span class='ocrx_word' id='word_1_180' title='bbox 1048 3556 1157 3632; x_wconf 87' lang='lat' dir='ltr'>fratre,</span> <span class='ocrx_word' id='word_1_181' title='bbox 1183 3556 1267 3629; x_wconf 90' lang='lat' dir='ltr'>quod</span> <span class='ocrx_word' id='word_1_182' title='bbox 1290 3557 1375 3630; x_wconf 91' lang='lat' dir='ltr'>apud</span> 
     </span>
     <span class='ocr_line' id='line_1_27' title="bbox 198 3670 1066 3744; baseline -0.003 -14"><span class='ocrx_word' id='word_1_183' title='bbox 198 3687 234 3730; x_wconf 91' lang='lat' dir='ltr'>se</span> <span class='ocrx_word' id='word_1_184' title='bbox 257 3672 324 3730; x_wconf 88' lang='lat' dir='ltr'>iam</span> <span class='ocrx_word' id='word_1_185' title='bbox 348 3687 412 3730; x_wconf 90' lang='lat' dir='ltr'>uon</span> <span class='ocrx_word' id='word_1_186' title='bbox 435 3671 479 3729; x_wconf 86' lang='lat' dir='ltr'>sit</span> <span class='ocrx_word' id='word_1_187' title='bbox 501 3687 558 3744; x_wconf 91' lang='lat' dir='ltr'>per</span> <span class='ocrx_word' id='word_1_188' title='bbox 581 3671 781 3729; x_wconf 90' lang='lat' dir='ltr'>iracundiam</span> <span class='ocrx_word' id='word_1_189' title='bbox 804 3670 1066 3728; x_wconf 90' lang='lat' dir='ltr'>vehementem.”</span> 
     </span>
    </p>

    <p class='ocr_par' dir='ltr' id='par_1_4' title="bbox 242 3782 1375 3858">
     <span class='ocr_line' id='line_1_28' title="bbox 242 3782 1375 3858; baseline 0.001 -15"><span class='ocrx_word' id='word_1_190' title='bbox 242 3785 320 3844; x_wconf 91' lang='lat' dir='ltr'>Hec.</span> <span class='ocrx_word' id='word_1_191' title='bbox 357 3786 430 3844; x_wconf 82' lang='lat'>516.</span> <span class='ocrx_word' id='word_1_192' title='bbox 463 3783 638 3858; x_wconf 91' lang='lat' dir='ltr'>Phidippus</span> <span class='ocrx_word' id='word_1_193' title='bbox 662 3784 877 3843; x_wconf 90' lang='lat' dir='ltr'>remissurum</span> <span class='ocrx_word' id='word_1_194' title='bbox 900 3799 935 3842; x_wconf 92' lang='lat' dir='ltr'>se</span> <span class='ocrx_word' id='word_1_195' title='bbox 959 3782 1060 3842; x_wconf 86' lang='lat' dir='ltr'>filiam</span> <span class='ocrx_word' id='word_1_196' title='bbox 1085 3784 1218 3842; x_wconf 90' lang='lat' dir='ltr'>Lacheti</span> <span class='ocrx_word' id='word_1_197' title='bbox 1242 3784 1375 3856; x_wconf 91' lang='lat' dir='ltr'>eiusque</span> 
     </span>
    </p>
   </div>
   <div class='ocr_carea' id='block_1_3' title="bbox 197 3897 1377 4540">
    <p class='ocr_par' dir='ltr' id='par_1_5' title="bbox 197 3897 1377 4540">
     <span class='ocr_line' id='line_1_29' title="bbox 197 3897 1375 3972; baseline -0.001 -15"><span class='ocrx_word' id='word_1_198' title='bbox 197 3897 263 3957; x_wconf 90' lang='lat' dir='ltr'>filio</span> <span class='ocrx_word' id='word_1_199' title='bbox 283 3899 374 3972; x_wconf 81' lang='lat' dir='ltr'>dixit,</span> <span class='ocrx_word' id='word_1_200' title='bbox 396 3901 431 3956; x_wconf 91' lang='lat' dir='ltr'>at</span> <span class='ocrx_word' id='word_1_201' title='bbox 450 3897 502 3956; x_wconf 91' lang='lat' dir='ltr'>hic</span> <span class='ocrx_word' id='word_1_202' title='bbox 521 3897 640 3971; x_wconf 86' lang='lat' dir='ltr'>effugia</span> <span class='ocrx_word' id='word_1_203' title='bbox 660 3897 794 3970; x_wconf 90' lang='lat' dir='ltr'>quaerit.</span> <span class='ocrx_word' id='word_1_204' title='bbox 815 3897 907 3956; x_wconf 89' lang='lat' dir='ltr'>Modo</span> <span class='ocrx_word' id='word_1_205' title='bbox 927 3897 1015 3955; x_wconf 91' lang='lat' dir='ltr'>enim</span> <span class='ocrx_word' id='word_1_206' title='bbox 1035 3912 1077 3956; x_wconf 84' lang='lat' dir='ltr'>ex</span> <span class='ocrx_word' id='word_1_207' title='bbox 1096 3897 1211 3956; x_wconf 88' lang='lat' dir='ltr'>itinere</span> <span class='ocrx_word' id='word_1_208' title='bbox 1223 3913 1375 3956; x_wconf 83' lang='lat' dir='ltr'>reversus</span> 
     </span>
     <span class='ocr_line' id='line_1_30' title="bbox 199 4009 1376 4085; baseline -0.001 -14"><span class='ocrx_word' id='word_1_209' title='bbox 199 4027 341 4085; x_wconf 88' lang='lat' dir='ltr'>causam,</span> <span class='ocrx_word' id='word_1_210' title='bbox 372 4026 427 4070; x_wconf 92' lang='lat' dir='ltr'>cur</span> <span class='ocrx_word' id='word_1_211' title='bbox 451 4011 565 4069; x_wconf 91' lang='lat' dir='ltr'>abierit</span> <span class='ocrx_word' id='word_1_212' title='bbox 589 4009 652 4085; x_wconf 95' lang='lat' dir='ltr'>illa,</span> <span class='ocrx_word' id='word_1_213' title='bbox 679 4011 838 4069; x_wconf 88' lang='lat' dir='ltr'>eiusmodi</span> <span class='ocrx_word' id='word_1_214' title='bbox 861 4010 962 4069; x_wconf 86' lang='lat' dir='ltr'>fuisse</span> <span class='ocrx_word' id='word_1_215' title='bbox 987 4011 1137 4084; x_wconf 88' lang='lat' dir='ltr'>cognovit</span> <span class='ocrx_word' id='word_1_216' title='bbox 1159 4013 1197 4070; x_wconf 90' lang='lat' dir='ltr'>ut</span> <span class='ocrx_word' id='word_1_217' title='bbox 1220 4012 1287 4071; x_wconf 91' lang='lat' dir='ltr'>iam</span> <span class='ocrx_word' id='word_1_218' title='bbox 1309 4026 1376 4070; x_wconf 90' lang='lat' dir='ltr'>non</span> 
     </span>
     <span class='ocr_line' id='line_1_31' title="bbox 198 4123 1375 4200; baseline 0 -16"><span class='ocrx_word' id='word_1_219' title='bbox 198 4126 301 4200; x_wconf 86' lang='lat' dir='ltr'>possit</span> <span class='ocrx_word' id='word_1_220' title='bbox 335 4140 473 4184; x_wconf 82' lang='lat' dir='ltr'>uxorem</span> <span class='ocrx_word' id='word_1_221' title='bbox 508 4139 581 4182; x_wconf 90' lang='lat' dir='ltr'>eam</span> <span class='ocrx_word' id='word_1_222' title='bbox 616 4123 743 4183; x_wconf 89' lang='lat' dir='ltr'>habere.</span> <span class='ocrx_word' id='word_1_223' title='bbox 776 4124 861 4182; x_wconf 92' lang='lat' dir='ltr'>Hinc</span> <span class='ocrx_word' id='word_1_224' title='bbox 884 4125 992 4182; x_wconf 90' lang='lat' dir='ltr'>ortum</span> <span class='ocrx_word' id='word_1_225' title='bbox 1016 4124 1157 4197; x_wconf 88' lang='lat' dir='ltr'>iurgium</span> <span class='ocrx_word' id='word_1_226' title='bbox 1180 4125 1375 4198; x_wconf 90' lang='lat' dir='ltr'>Phidippum</span> 
     </span>
     <span class='ocr_line' id='line_1_32' title="bbox 198 4237 1376 4311; baseline -0.003 -13"><span class='ocrx_word' id='word_1_227' title='bbox 198 4241 281 4298; x_wconf 90' lang='lat' dir='ltr'>inter</span> <span class='ocrx_word' id='word_1_228' title='bbox 316 4254 353 4297; x_wconf 90' lang='lat' dir='ltr'>ac</span> <span class='ocrx_word' id='word_1_229' title='bbox 384 4238 559 4296; x_wconf 89' lang='lat' dir='ltr'>Lachetem</span> <span class='ocrx_word' id='word_1_230' title='bbox 590 4240 686 4310; x_wconf 88' lang='lat' dir='ltr'>atque</span> <span class='ocrx_word' id='word_1_231' title='bbox 717 4239 820 4296; x_wconf 89' lang='lat' dir='ltr'>iratus</span> <span class='ocrx_word' id='word_1_232' title='bbox 849 4240 985 4311; x_wconf 90' lang='lat' dir='ltr'>uterque</span> <span class='ocrx_word' id='word_1_233' title='bbox 1009 4239 1142 4297; x_wconf 92' lang='lat' dir='ltr'>domum</span> <span class='ocrx_word' id='word_1_234' title='bbox 1166 4238 1254 4298; x_wconf 90' lang='lat' dir='ltr'>abiit.</span> <span class='ocrx_word' id='word_1_235' title='bbox 1279 4237 1376 4296; x_wconf 91' lang='lat' dir='ltr'>Hunc</span> 
     </span>
     <span class='ocr_line' id='line_1_33' title="bbox 198 4350 1377 4425; baseline -0.001 -14"><span class='ocrx_word' id='word_1_236' title='bbox 198 4353 325 4411; x_wconf 83' lang='lat' dir='ltr'>exitum</span> <span class='ocrx_word' id='word_1_237' title='bbox 359 4352 457 4410; x_wconf 88' lang='lat' dir='ltr'>habet</span> <span class='ocrx_word' id='word_1_238' title='bbox 491 4353 584 4410; x_wconf 88' lang='lat' dir='ltr'>actus</span> <span class='ocrx_word' id='word_1_239' title='bbox 618 4351 675 4410; x_wconf 88' lang='lat' dir='ltr'><strong>III.</strong></span> <span class='ocrx_word' id='word_1_240' title='bbox 707 4350 817 4410; x_wconf 91' lang='lat' dir='ltr'>Prodit</span> <span class='ocrx_word' id='word_1_241' title='bbox 847 4365 932 4409; x_wconf 89' lang='lat' dir='ltr'>nunc</span> <span class='ocrx_word' id='word_1_242' title='bbox 956 4351 1097 4424; x_wconf 89' lang='lat' dir='ltr'>Myrrina</span> <span class='ocrx_word' id='word_1_243' title='bbox 1121 4350 1268 4425; x_wconf 90' lang='lat' dir='ltr'>Phidippi</span> <span class='ocrx_word' id='word_1_244' title='bbox 1291 4364 1377 4410; x_wconf 83' lang='lat' dir='ltr'>uxor</span> 
     </span>
     <span class='ocr_line' id='line_1_34' title="bbox 199 4463 1045 4540; baseline -0.002 -14"><span class='ocrx_word' id='word_1_245' title='bbox 199 4466 297 4526; x_wconf 82' lang='lat' dir='ltr'>anxia</span> <span class='ocrx_word' id='word_1_246' title='bbox 320 4465 570 4540; x_wconf 89' lang='lat' dir='ltr'>perturbataque</span> <span class='ocrx_word' id='word_1_247' title='bbox 595 4466 627 4524; x_wconf 89' lang='lat' dir='ltr'>et</span> <span class='ocrx_word' id='word_1_248' title='bbox 650 4479 762 4524; x_wconf 89' lang='lat' dir='ltr'>secum</span> <span class='ocrx_word' id='word_1_249' title='bbox 786 4465 865 4525; x_wconf 89' lang='lat' dir='ltr'>haec</span> <span class='ocrx_word' id='word_1_250' title='bbox 888 4463 1045 4540; x_wconf 90' lang='lat' dir='ltr'>loquitur:</span> 
     </span>
    </p>
   </div>
   <div class='ocr_carea' id='block_1_4' title="bbox 0 0 1620 5260">
    <p class='ocr_par' dir='ltr' id='par_1_6' title="bbox 0 0 1620 5260">
     <span class='ocr_line' id='line_1_35' title="bbox 0 0 1620 5260; baseline 0 0"><span class='ocrx_word' id='word_1_251' title='bbox 0 0 1620 5260; x_wconf 95' lang='lat' dir='ltr'> </span> 
     </span>
    </p>
   </div>
  </div>
 </body>
</html>
