3254 5274
787 625 828 687 15

219 814 328 875 locuta
357 817 436 889 erat,
468 815 502 874 in
525 829 588 887 quo
611 813 719 873 nullae
742 815 853 872 essent
875 812 1010 872 Veneris
1033 814 1151 887 partes,
1176 813 1209 871 et
1232 814 1389 886 quantum

220 928 325 1008 potuit
347 943 460 987 veram
483 927 575 987 verbi
594 926 852 986 admittendi
872 923 1142 1000 significationem
1161 924 1389 985 dissimulavit.

264 1041 348 1101 Tum
372 1042 476 1101 denuc
499 1041 658 1101 Phaedria
682 1044 740 1112 (vs.
769 1041 830 1100 155
855 1044 952 1114 sqq.):

397 1155 442 1215 At
465 1171 524 1230 ego
547 1155 713 1214 nescibam
737 1169 892 1227 quorsum
915 1155 953 1213 tu
975 1154 1057 1212 ires:
1082 1152 1217 1227 parvula

397 1270 481 1329 Hinc
505 1271 556 1329 θεῖ
579 1269 727 1343 abrepta:
753 1269 865 1328 eduxit
888 1259 995 1327 mater
1018 1282 1075 1341 pro
1099 1282 1175 1327 sua:

397 1383 492 1442 Soror
516 1383 602 1441 dicta
625 1383 692 1441 θεῖε
718 1382 810 1455 cupio
835 1381 990 1440 abducere
1014 1382 1051 1439 ut
1073 1381 1206 1440 reddam
1230 1380 1308 1440 suis.

219 1495 305 1554 Nihil
329 1511 473 1570 unquam
493 1496 607 1555 Latine
626 1495 797 1555 venustius
816 1495 1016 1568 facetiusque
1036 1494 1194 1569 scriptum
1213 1510 1285 1554 esse
1305 1494 1391 1555 dices

219 1609 248 1668 si
277 1610 407 1669 noveris
438 1625 502 1683 qua
531 1624 610 1669 voce
640 1610 674 1668 et
697 1624 758 1682 quo
789 1608 882 1668 vultu
909 1609 989 1668 haec
1011 1609 1078 1667 sint
1100 1607 1298 1682 proferenda.
1322 1608 1393 1668 Hoc

219 1723 252 1781 te
281 1723 410 1791 docebit
438 1722 619 1782 Scholiasta
649 1722 778 1796 egregia
808 1720 1033 1780 annotatione:
1064 1719 1138 1780 vide
1169 1719 1293 1797 μίμησιν
1317 1737 1392 1780 cum

219 1836 290 1896 odio
310 1836 476 1896 inductam
496 1838 528 1896 et
548 1837 758 1910 depravatam
776 1835 1046 1909 pronuntiatione,
1067 1835 1170 1894 itaut
1189 1830 1391 1911 ipororr‘ieore

219 1964 283 2008 non
313 1949 495 2009 vitarentur
524 1950 563 2009 de
594 1948 784 2008 industria'’.
801 1942 821 2019 ¹)
853 1948 893 2007 Et
922 1963 1001 2007 vera
1025 1962 1102 2008 eum
1125 1948 1238 2008 docere
1262 1963 1303 2007 ex
1326 1963 1392 2007 una

218 2063 377 2136 particula
400 2065 456 2138 at,
482 2079 563 2137 quae
586 2063 815 2138 praemIttitur,
841 2064 990 2138 apparet:
1014 2077 1190 2136 permagna
1214 2063 1302 2122 enirn
1322 2062 1391 2121 eius

107 2157 111 2166 ’
220 2176 270 2234 θεῖ
293 2176 461 2236 acerbitas.

263 2290 448 2363 sequuntur
470 2290 551 2350 haec
573 2288 749 2350 Phaedriae
772 2291 871 2349 verba
895 2292 953 2360 (vs.
983 2291 1044 2350 158
1069 2294 1166 2364 sqq.):

308 2403 431 2478 Nempe
454 2403 565 2463 emnia
587 2404 667 2463 haec
689 2419 775 2462 nunc
797 2404 897 2463 verba
919 2403 982 2462 huc
1004 2404 1140 2464 redeunt
1163 2402 1315 2476 denique:

307 2518 475 2593 Excluder,
500 2517 555 2577 ille
577 2517 739 2593 recipitur,
764 2533 828 2591 qua
850 2518 979 2592 gratia?

307 2631 377 2690 Nisi
400 2631 428 2690 si
451 2631 544 2691 ilium
567 2632 640 2705 pius
662 2647 761 2705 quam
784 2646 838 2691 me
862 2647 955 2691 amas
978 2634 1011 2690 et
1034 2631 1134 2691 istam
1157 2647 1243 2691 nunc
1265 2632 1373 2706 times,

308 2744 395 2820 Quae
418 2746 553 2806 advecta
576 2748 627 2806 est
649 2761 690 2805 ne
712 2746 806 2805 illum
829 2745 930 2806 talem
953 2745 1127 2820 praeripiat
1149 2747 1218 2807 tibi.

219 2859 302 2919 Tum
339 2859 453 2919 Thais:
495 2861 580 2936 ,ugo
615 2862 646 2920 id
676 2862 821 2921 time0?”
854 2863 887 2921 et
916 2861 1090 2921 Phaedria:
1125 2862 1220 2936 ,quid
1252 2863 1284 2920 te
1315 2876 1390 2935 ergo

220 2975 305 3034 aiiud
328 2975 525 3035 sollicitati'’
551 2975 802 3036 Sollicitare
826 2976 910 3050 apud
933 2974 1119 3036 Ciceronem
1144 2978 1210 3036 est:
1230 2976 1333 3050 pretio
1358 2979 1391 3036 et

218 3089 388 3164 promissis
411 3091 450 3150 ad
474 3105 551 3150 suas
573 3092 682 3165 partes
704 3091 890 3165 pertrahere
913 3090 1093 3150 homines.”
1114 3091 1176 3149 Hic
1195 3090 1390 3166 ,sollicitum

218 3204 370 3264 reddere'’
402 3206 435 3263 et
468 3205 635 3280 ,animum
659 3204 795 3264 alicuius
817 3205 1025 3278 perturbare’'
1050 3204 1313 3278 interpretantur.
1339 3205 1391 3264 Sic

219 3320 306 3377 certe
329 3318 451 3378 Andria
473 3333 522 3378 vs.
548 3319 629 3378 689:

286 3432 372 3492 Sicin
394 3448 448 3492 me
475 3434 572 3506 atque
594 3432 685 3492 illam
710 3434 886 3506 operatua
910 3447 995 3492 nunc
1018 3433 1156 3493 miseros
1180 3432 1356 3493 sollicitari.

220 3543 280 3605 Sed
314 3546 425 3605 nostro
459 3544 529 3605 ioco
564 3546 775 3606 dubitationis
811 3561 927 3606 ansam
961 3545 1049 3605 istud
1082 3546 1219 3605 verbum
1248 3547 1389 3621 praebet.

219 3656 311 3718 Unde
343 3660 431 3718 enim
460 3658 618 3718 Phaedria
648 3675 822 3734 agnoscere
848 3659 901 3719 vel
926 3659 1082 3719 coniicere
1104 3661 1212 3734 potest
1235 3659 1391 3720 Thaidem

220 3773 362 3849 anxiam,
387 3772 561 3834 sollicitam
585 3775 681 3834 esse?
705 3773 825 3848 Quibus
849 3772 951 3848 signis
975 3773 1031 3833 illa
1050 3788 1126 3833 eum
1146 3773 1247 3834 animi
1266 3775 1391 3833 statum

219 3885 397 3946 indicavit?
435 3887 475 3947 Εῖ
510 3889 669 3961 quomodo
703 3903 788 3947 nunc
822 3885 991 3961 sequentia
1025 3888 1264 3947 annectuntur?
1298 3885 1390 3946 Gerte

220 4001 317 4060 cedo
349 4016 424 4060 cum
454 4002 663 4076 sequentibus
694 4003 860 4075 cohaeret;
892 4004 942 4061 est
974 4001 1078 4061 enim:
1112 4001 1287 4076 „responde
1309 4000 1390 4059 mihi

247 4317 263 4370 ¹)
282 4312 422 4369 Tamquam
442 4315 585 4372 exemplum
606 4314 711 4362 huiusce
734 4316 829 4372 figurae
843 4315 968 4374 (μιμήσεως
981 4328 1000 4362 s
1017 4310 1151 4376 ἠθοποιίας)
1164 4314 1212 4361 hos
1225 4326 1315 4362 versus
1328 4317 1391 4364 citat

219 4395 388 4454 Quintilianus
401 4399 445 4455 ix,
458 4401 479 4444 2.
491 4399 537 4445 Ad
549 4401 613 4445 elios
624 4399 732 4444 Terentii
745 4399 820 4454 locos,
831 4399 874 4445 ubi
886 4400 993 4444 altcuius
1005 4400 1082 4445 verbe
1093 4399 1130 4445 sic
1140 4400 1172 4443 ab
1184 4398 1233 4444 elio
1244 4400 1391 4452 repetuntur

218 4486 248 4530 ut
260 4487 466 4540 pronuntiatione
480 4486 654 4545 depraventur,
669 4487 810 4535 Scholiasta
824 4489 939 4534 annotet:
956 4489 980 4532 iv
996 4487 1115 4552 sarapion
1129 4487 1155 4531 et
1168 4487 1192 4531 iv
1209 4484 1270 4549 terr.
