3234 5254
321 851 361 926 ll,
389 852 416 926 1,
444 853 481 911 11
507 868 575 926 sqq.

365 964 582 1040 Quamobrem
606 983 729 1044 omnes,
755 983 856 1042 quum
879 969 1039 1028 secundae
1063 983 1114 1027 res
1138 970 1215 1028 sunt
1237 967 1393 1044 maxime,

1153 1084 1236 1153 [tum
1259 1083 1406 1142 maxime

365 1193 511 1253 Meditari
534 1210 647 1255 secum
670 1198 796 1271 oportet
820 1212 881 1269 quo
904 1199 998 1270 pacto
1018 1197 1191 1256 advorsam
1215 1211 1406 1256 aerumnam

1256 1310 1382 1381 [ferant.

365 1421 497 1498 Pericla,
519 1422 646 1499 damna,
661 1424 759 1484 exilia
771 1440 903 1498 peregre
916 1425 1043 1483 rediens
1056 1439 1185 1499 semper
1196 1440 1309 1485 secum
1321 1425 1448 1498 cogitet.

278 1535 447 1608 Semper
478 1535 658 1609 cogitet]
686 1552 725 1611 „a
747 1537 903 1611 singulari
926 1538 966 1596 ad
989 1537 1148 1611 pluralem
1171 1539 1321 1598 transit.’'
1345 1538 1449 1597 Immo

277 1663 297 1706 a
319 1648 479 1722 plurali
502 1650 549 1708 ad
572 1650 847 1724 singularem.

323 1762 374 1821 22.
405 1762 506 1837 Quid
526 1777 672 1822 cessas
691 1764 904 1824 hominem
926 1764 1077 1836 adiret]
1102 1765 1202 1839 „bene
1222 1766 1340 1824 adire
1359 1766 1451 1838 quasi

276 1876 454 1935 terribilem
478 1878 510 1935 et
532 1878 784 1950 pugnaturum.’'
808 1878 962 1937 Potestne
984 1880 1076 1953 pater
1096 1876 1154 1937 iiiii
1174 1879 1330 1938 delictum
1349 1894 1449 1952 repre·

276 1990 420 2048 hendens
450 2005 636 2064 pugnare
667 1991 752 2050 dici?
779 1992 865 2065 Lego
887 1993 1157 2066 purgaturus
1183 1992 1312 2051 Etenim
1336 1991 1450 2051 adire

277 2106 328 2162 est
365 2119 497 2163 causam
536 2103 681 2180 dicentis
719 2105 769 2163 cui
804 2105 902 2164 iudex
937 2105 1021 2178 apud
1055 2120 1152 2177 quem
1189 2104 1266 2164 dicit
1300 2104 1451 2164 terribilis

276 2217 412 2276 videtur.

323 2331 374 2390 24.
398 2331 454 2391 Ph.
479 2333 521 2392 Mi
544 2335 658 2407 patrue
682 2332 781 2391 salve.
807 2331 860 2391 Dc.
886 2332 990 2407 Salve,
1015 2332 1072 2391 sed
1094 2333 1150 2391 ubi
1170 2334 1220 2392 est
1241 2332 1408 2407 Antipho?

322 2431 413 2505 Son:
453 2446 551 2519 „bene
587 2446 748 2520 expressit
780 2448 967 2520 promptum
1000 2447 1147 2505 animum
1178 2446 1218 2505 ad
1248 2447 1451 2522 litigandum,

277 2558 397 2633 partim
428 2558 537 2619 addita
559 2560 664 2618 salute
689 2562 721 2619 et
744 2560 852 2633 potius
876 2560 916 2618 ad
939 2559 1080 2634 iurgium
1103 2561 1368 2633 praevertendo.”
1392 2561 1451 2619 Pro

276 2672 431 2745 partim
474 2673 655 2732 rectissime
697 2672 943 2732 Westerhovius
985 2673 1141 2746 raptim
1180 2673 1356 2746 rescripsit.
1374 2661 1377 2668 ’
1393 2673 1451 2732 Sed

276 2787 425 2859 superest
458 2786 585 2845 vitium.
621 2786 692 2845 Non
727 2787 815 2846 enim
850 2785 967 2845 addit
1003 2786 1153 2861 salutem,
1191 2788 1247 2846 sed
1283 2802 1302 2846 a
1335 2786 1451 2846 salve

276 2898 425 2971 loquendi
456 2899 535 2958 facit
557 2900 696 2959 initium.
722 2900 806 2973 Lege
830 2915 904 2973 ergo
927 2901 1083 2973 raptim
1107 2899 1278 2959 reddita
1301 2900 1450 2958 salute.

322 3013 374 3071 29.
407 3012 639 3072 sollertissima
665 3013 873 3072 simulatione
898 3014 930 3072 et
952 3013 1045 3072 vultu
1069 3013 1108 3072 ad
1133 3013 1344 3072 severitatem
1370 3026 1451 3072 com-

276 3126 381 3200 posito
411 3126 546 3186 fratrem
576 3128 757 3201 patruelem
788 3127 946 3187 Phaedria
976 3127 1127 3187 defendit.
1161 3126 1352 3186 Admiratur
1379 3142 1453 3186 eum

278 3239 359 3298 Geta
392 3240 444 3298 his
477 3241 594 3316 verbis,
631 3256 712 3314 quae
748 3241 912 3300 submissa
946 3257 1024 3301 voce
1056 3241 1149 3300 dicit:
1182 3257 1200 3300 o
1233 3240 1453 3300 artificem

277 3352 466 3427 probum!
498 3355 548 3414 Ad
578 3370 660 3427 quae
687 3353 787 3414 verba
810 3357 1000 3414 annotatur:
1028 3353 1191 3432 „elpeveia
1215 3369 1293 3413 narn
1315 3355 1453 3414 nonest

278 3465 395 3525 artifex
420 3466 510 3526 cuius
534 3468 782 3541 deprehenditur
805 3468 927 3529 iocus.”
952 3468 1054 3528 Nemo
1074 3469 1127 3527 hic
1147 3468 1271 3528 iocatur
1291 3468 1348 3526 sed
1369 3468 1421 3527 ast
1443 3498 1452 3508 ·

278 3579 333 3638 tiis
356 3579 556 3654 fallaciisque
579 3597 631 3640 res
654 3581 785 3655 geritur.
811 3582 895 3655 Lege
920 3597 994 3655 ergo
1018 3582 1140 3640 dolus
1163 3597 1219 3655 pro
1243 3581 1372 3641 iocus.

323 3695 375 3754 34.
407 3695 509 3754 Ecce
540 3696 680 3754 autem
711 3696 877 3755 similia
900 3695 1057 3765 omnia]
1087 3710 1202 3768 „ecce
1227 3697 1367 3754 autem
1390 3709 1453 3754 vox

278 3812 328 3869 est
356 3811 431 3884 apta
454 3810 514 3885 his,
541 3826 622 3883 quae
645 3825 729 3869 nova
753 3812 786 3869 et
809 3810 986 3884 improvisa
1009 3809 1118 3868 animo
1142 3809 1324 3870 accidunt.’'
1349 3809 1452 3868 Immo

277 3940 354 3985 vero
378 3924 547 3998 quibus,
572 3940 637 3983 non
661 3939 773 3997 quae.

323 4040 376 4098 57.
408 4036 626 4098 Acerbissime
656 4052 756 4096 senex
788 4037 835 4096 sic
862 4052 994 4097 servum
1018 4052 1122 4110 aquo
1147 4037 1190 4095 sit
1214 4036 1452 4096 circumventus

279 4152 469 4225 alloquitur:

445 4267 533 4325 Bone
558 4268 676 4339 custos,
702 4265 809 4324 salve:
835 4265 984 4324 columen
1006 4280 1083 4324 vero
1106 4264 1260 4339 familiae,

446 4377 503 4439 Oui
528 4378 754 4439 commendavi
776 4377 881 4437 filium
905 4379 980 4437 hinc
1003 4378 1114 4437 abiens
1138 4393 1259 4437 meum.

280 4492 370 4550 Son:
409 4491 598 4566 „....Haec
633 4492 829 4550 conveniunt
863 4491 896 4549 in
931 4507 986 4550 eas
1017 4505 1172 4565 personas
1203 4505 1284 4563 quas
1308 4492 1451 4565 spectare
