3230 5260
747 696 788 756 97

178 887 280 948 fuerit
304 887 412 946 animo
435 887 502 946 iam
525 887 592 946 iarn
615 886 735 960 placari
758 901 794 944 se
817 886 885 960 pati
903 886 956 946 vel
976 887 1015 946 ad
1035 902 1160 946 morem
1179 887 1355 962 gerendum

180 1002 315 1074 adduci;
346 1016 450 1073 neque
480 1001 590 1060 minus
621 1002 708 1059 recte
740 999 779 1058 ab
803 1015 840 1059 eo
864 1000 1056 1061 adhibentur
1079 1001 1133 1074 qui
1156 1002 1265 1074 petere
1289 1000 1356 1059 iam

179 1116 311 1191 desinit,
337 1117 406 1175 sive
431 1115 514 1188 quod
537 1129 601 1173 non
624 1114 874 1188 impetraturum
898 1128 934 1172 se
951 1113 1049 1188 videt,
1070 1113 1139 1172 sive
1158 1129 1219 1187 quo
1238 1113 1357 1172 melius
1423 1110 1426 1117 '

179 1231 357 1304 impetrare
384 1230 496 1304 possit.
521 1230 573 1288 Sic
596 1228 694 1288 Thais
718 1229 891 1302 postquam
913 1228 996 1287 vidit
1019 1230 1157 1301 quantas
1180 1228 1356 1287 Phaedriae

179 1343 249 1402 iras
280 1345 419 1403 moverit
449 1342 586 1417 petendo
609 1344 646 1401 ut
668 1357 724 1414 per
747 1342 843 1400 breve
866 1344 997 1415 tempus
1021 1342 1161 1402 militem
1184 1341 1245 1401 sibi
1268 1357 1355 1416 prae·

179 1457 259 1530 poni
282 1458 433 1531 patiatur,
459 1457 586 1531 placare
611 1471 686 1515 eum
711 1458 845 1515 conatur
867 1455 975 1515 verbis
999 1455 1088 1524 (Eun.
1116 1457 1176 1515 171
1202 1459 1300 1528 sqql:

753 1571 833 1645 Quid
857 1571 931 1630 istic
954 1570 1135 1630 Phaedria?

274 1685 477 1760 Quamquam
500 1685 592 1745 illam
615 1685 707 1759 cupio
732 1685 888 1744 abducere
912 1687 1009 1759 atque
1032 1685 1093 1744 hac
1115 1701 1150 1744 re
1170 1685 1306 1744 arbitror

273 1799 309 1857 Id
332 1797 402 1858 fieri
425 1814 520 1873 posse
543 1800 697 1874 maxime,
722 1808 837 1858 verum
860 1800 972 1857 tamen

273 1912 386 1972 Potius
411 1928 508 1985 quam
532 1914 565 1972 te
588 1913 758 1972 inimicum
782 1913 929 1986 habeam,
954 1912 1073 1972 faciam
1097 1913 1134 1971 ut
1157 1913 1301 1972 iusseris

181 2028 336 2101 Agellum
370 2029 407 2086 ut
438 2028 535 2087 donet
564 2028 702 2101 Hegioni
733 2028 864 2102 pauperi
888 2043 908 2087 a
930 2027 1064 2087 Micione
1088 2027 1187 2086 frater
1209 2025 1358 2099 filiusque

181 2142 315 2214 petunt;
348 2140 402 2200 ille
433 2156 509 2200 vero
541 2143 732 2215 aspernatur
762 2141 967 2215 graviterque
1002 2141 1101 2200 istam
1130 2140 1359 2199 liberalitatem

184 2253 488 2314 commendantibus
512 2255 670 2314 irascitur.
696 2255 758 2314 Sed
782 2271 860 2314 mox
879 2252 938 2313 fflii
956 2255 1104 2328 precibus
1123 2255 1275 2314 resistere
1295 2269 1359 2314 non

183 2370 301 2443 potest,
327 2384 402 2442 ergo
427 2368 496 2438 (Ad.
521 2369 596 2437 956)
624 2367 725 2442 ,Quid
749 2369 843 2428 istio'’
868 2370 914 2428 ait

588 2482 735 2555 ,dabitur
758 2483 1015 2555 quandoquidem
1038 2483 1091 2542 hio
1113 2483 1213 2554 volt.”

183 2594 319 2669 Egregie
350 2598 461 2655 autem
493 2596 568 2654 dicti
600 2596 667 2654 vim
699 2595 842 2655 illustrat
874 2597 1054 2656 Scholiasta
1077 2598 1284 2657 annotatione
1308 2596 1359 2665 (ad

183 2708 263 2768 Eun.
292 2711 382 2779 llll:
410 2710 498 2784 ,Hoc
522 2709 711 2768 adverbium
727 2703 746 2779 ¹)
772 2712 953 2770 consentire
977 2712 1160 2784 incipientis
1180 2711 1261 2770 est.”

230 2823 372 2883 Sicine
395 2823 487 2896 agis
507 2823 589 2881 lenis
610 2825 660 2881 est
679 2824 885 2896 reprehensio
906 2825 984 2899 eiua,
1006 2825 1060 2898 qui
1076 2825 1270 2883 irascentem
1284 2839 1358 2882 curn

184 2938 312 3011 placare
346 2936 450 3011 possit
484 2937 660 3008 debeatque
691 2937 776 2996 ultro
807 2938 949 3011 instiget.
983 2939 1034 2997 Sic
1062 2940 1147 2997 certe
1170 2938 1359 3011 plerumque

185 3050 264 3110 illud
297 3050 527 3125 „adverbium”
559 3050 737 3125 adhibetur,
762 3050 819 3110 sed
842 3050 930 3126 locis,
955 3052 1010 3110 ubi
1034 3067 1070 3111 eo
1094 3067 1193 3110 sensu
1215 3052 1359 3124 positum

184 3165 244 3238 est,
277 3163 358 3223 nihil
388 3179 407 3222 a
439 3163 619 3222 Scholiasta
642 3165 834 3222 annotatum
857 3164 1051 3239 invenimus,
1077 3165 1256 3237 iniuriaque
1278 3166 1358 3223 tem-

184 3278 271 3351 poris
306 3277 350 3335 ibi
384 3277 454 3335 eius
488 3276 730 3335 observationes
764 3277 899 3351 periisse
930 3293 1055 3337 censeo.
1087 3278 1171 3336 Nam
1195 3293 1258 3350 qua
1280 3293 1359 3337 voce

185 3391 241 3450 illa
263 3390 420 3449 vocabula
443 3390 510 3448 sint
533 3389 770 3464 pronuntianda
793 3389 869 3462 quin
892 3392 979 3450 recte
1004 3391 1201 3451 intellexerit
1224 3391 1359 3450 minime

186 3505 328 3564 dubium.
372 3505 539 3564 Habemus
574 3505 662 3564 enim
692 3505 766 3579 ¹eius
801 3505 1044 3564 annotationem
1078 3504 1117 3563 ad
1152 3505 1269 3580 locum,
1305 3505 1360 3564 ubi

186 3619 334 3678 diversus
368 3618 499 3692 quidem
534 3633 646 3678 eorum
681 3633 797 3676 sensus
833 3620 892 3692 est,
929 3618 985 3676 sed
1010 3618 1095 3678 color
1118 3617 1214 3676 idern.
1240 3618 1362 3678 Taedet

186 3733 357 3794 Micionem
375 3734 462 3792 ultra
480 3733 615 3792 fratrem
632 3747 783 3791 severum
795 3732 905 3790 audire
918 3732 1151 3808 obiurgantem,
1165 3733 1360 3806 tandemque

188 3847 288 3916 (Adel.
312 3863 360 3906 vs.
388 3848 460 3916 128)
486 3848 665 3906 exclamat:
694 3848 773 3922 ,Ah
799 3848 827 3906 si
850 3848 956 3921 pergis
977 3848 1116 3908 abiero.’'
1137 3848 1220 3908 Tum
1238 3847 1361 3906 Demea

190 3961 315 4034 ,Sicine
346 3961 416 4034 agis
424 3961 461 4018 ?”
493 3962 638 4020 Annotat
669 3961 866 4020 Scholiasta:
901 3960 1028 4036 ,Recta
1053 3962 1129 4034 quia
1151 3962 1218 4020 iarn
1241 3961 1358 4034 abibat,

187 4075 280 4148 quasi
314 4075 497 4134 revocantis
529 4076 685 4149 correptio
717 4077 799 4134 est.'’
831 4075 870 4134 Et
900 4076 973 4134 vide
998 4091 1083 4134 nunc
1106 4077 1226 4148 quanta
1248 4076 1360 4149 paucis

187 4188 276 4248 hisce
309 4187 450 4247 Demeae
485 4189 592 4247 verbis
627 4189 706 4248 insit
739 4191 905 4247 venustas.
942 4189 1023 4263 Quid
1053 4190 1139 4248 enim
1159 4189 1265 4262 magis
1287 4183 1359 4247 ridi·
1428 4165 1430 4170 ⁸

215 4481 232 4534 ¹)
253 4479 327 4534 Apud
353 4478 521 4524 Scholiastam
544 4479 724 4524 adverbium
746 4480 872 4533 significat
893 4481 1039 4532 loquendi
1061 4481 1235 4532 formulam,
1257 4482 1283 4524 et
1302 4480 1358 4524 inde

186 4559 328 4605 derivatam
341 4570 428 4604 vocem
443 4559 676 4604 adverbialiter
690 4569 738 4611 quo
752 4571 827 4603 sensu
842 4559 960 4603 adhibeat
974 4570 1040 4603 nune
1054 4561 1143 4612 sponte
1157 4560 1267 4613 apparet.

1268 4638 1280 4681 7
