3234 5254
831 673 893 731 158

321 861 371 921 15.
404 861 477 936 Qui
508 862 571 920 vir
602 860 700 930 sies]
735 875 818 934 „non
842 861 877 918 si
900 861 965 918 vir
988 861 1075 919 sies
1099 862 1155 920 sed
1179 861 1247 934 qui
1270 862 1334 920 vir
1356 863 1449 921 sies

274 974 357 1046 quod
387 977 438 1033 est
469 971 711 1049 ἕμφατικώιερον.
740 973 773 1032 Si
797 973 978 1046 quaesisset
1001 973 1130 1046 quidem
1155 974 1209 1047 qui
1231 975 1281 1033 vir
1304 975 1377 1050 3133,
1402 991 1450 1034 an

272 1086 386 1147 debeat
415 1089 580 1162 praestare
611 1087 665 1160 qui
695 1087 802 1146 virum
830 1103 865 1146 33
888 1087 935 1146 313
957 1088 1198 1146 monstraturus
1221 1089 1303 1148 est.”
1328 1089 1448 1148 Obscu-

271 1203 403 1262 rissima
425 1203 514 1278 haec,
539 1217 598 1261 uec
621 1202 763 1261 multum
783 1216 842 1260 1133
862 1201 994 1260 adiuvat
1015 1202 1226 1261 Sabbadinius
1247 1204 1446 1263 omittendo:

270 1316 306 1374 si
348 1315 595 1388 quaesisset
637 1314 802 1388 quidem
837 1315 906 1388 qui
940 1315 1005 1374 vir
1039 1315 1126 1374 sies
1161 1319 1194 1375 et
1228 1317 1360 1376 vocibus
1395 1333 1454 1383 an

270 1429 419 1488 debeat
442 1429 476 1488 in
499 1429 574 1488 novi
597 1429 711 1489 scholii
735 1429 826 1489 initio
850 1429 1015 1503 ponendis.
1069 1428 1071 1431 ’

316 1543 367 1601 28.
403 1543 492 1617 „Non
523 1543 610 1601 enim
641 1542 716 1615 quia
739 1542 898 1602 Chaereas
922 1545 980 1618 est,
1006 1543 1063 1602 sed
1086 1542 1161 1616 quia
1185 1546 1320 1619 amator,
1346 1545 1383 1603 de
1407 1560 1448 1604 se

271 1657 359 1729 cupit
377 1656 482 1714 iacere
503 1629 776 1729 quemadmodum
796 1655 968 1729 potiatur.''
989 1656 1122 1730 Egregie
1139 1658 1218 1716 haec
1231 1657 1447 1717 Sabbadinius

269 1770 394 1843 plorare
417 1769 515 1829 iussis
540 1769 701 1828 codicibus
725 1770 910 1828 emendavit
932 1770 1084 1843 legendo:
1111 1769 1237 1845 „dicit
1261 1786 1303 1829 se
1322 1773 1448 1844 parvi

269 1883 410 1942 iacere
440 1898 497 1956 pro
528 1883 573 1942 de
604 1898 646 1941 se
677 1883 794 1957 cupit
823 1883 974 1943 iacere.

315 2000 366 2058 56.
391 1998 510 2056 Alias
534 2013 601 2056 res
625 1997 727 2070 agis]
755 1997 910 2071 „...hinc
930 2000 1044 2057 natum
1065 1998 1150 2071 agite
1171 1998 1319 2057 amabo.’'
1340 1999 1445 2072 Lege:

269 2111 344 2170 hinc
367 2112 482 2170 natum
505 2111 580 2170 hoc
604 2111 718 2184 agite
743 2111 896 2170 amabo.
917 2110 1099 2185 Respicitur
1119 2111 1206 2170 enim
1226 2113 1250 2187 Ι,
1274 2113 1302 2187 2,
1325 2115 1444 2188 1350,

269 2226 305 2283 ut
327 2226 414 2284 recte
438 2223 649 2283 Sabbadinius
671 2225 792 2282 monet.

314 2339 365 2396 73.
398 2336 540 2396 Chaerea
562 2335 708 2395 Eunuchi
730 2336 894 2396 fortunam
917 2338 1081 2410 praedicat
1104 2339 1172 2410 qui
1203 2339 1368 2412 quidem
1400 2341 1446 2400 in

268 2451 372 2510 hanc
408 2451 529 2509 detur
560 2450 731 2510 domum.
764 2451 836 2509 Iure
867 2451 920 2510 1113
951 2450 1132 2511 Scholiasta
1162 2452 1305 2511 Terentii
1336 2456 1445 2513 artem

268 2563 455 2638 admiratur,
488 2563 542 2636 qui
569 2563 739 2623 inventurn
762 2565 839 2623 illud
864 2565 901 2623 de
925 2564 1067 2624 Chaerea
1089 2582 1146 2640 pro
1169 2566 1323 2627 Eunucho
1347 2569 1444 2627 dedu-

268 2679 367 2737 cendo
387 2678 434 2736 sic
453 2679 567 2751 sponte
586 2678 676 2736 nasci
696 2678 803 2737 faciat.
828 2677 948 2752 „Quid”
970 2679 1016 2737 ait
1038 2679 1183 2754 „facilius
1203 2697 1301 2754 quam
1319 2682 1445 2742 imitari

267 2792 350 2851 velle
380 2792 464 2864 quod
494 2792 606 2850 laudes
637 2791 668 2861 (1.
700 2773 834 2868 landast
866 2807 926 2852 nec
957 2793 1138 2869 quisquam,
1170 2795 1233 2852 nisi
1264 2795 1319 2868 qui
1342 2797 1442 2873 cupit,

268 2903 396 2977 eligitur
436 2919 493 2978 pro
527 2904 690 2980 Eunuch0,
727 2906 781 2978 qui
814 2905 1005 2964 Eunuchum
1041 2909 1134 2980 putat
1169 2923 1240 2966 esse
1274 2909 1442 2968 beatum.”

266 3017 371 3076 Verba
402 3017 470 3091 qui
500 3017 743 3077 Eunuchum
772 3020 895 3092 putat
922 3033 1015 3078 esse
1038 3019 1207 3080 beatum
1231 3022 1340 3096 inepta
1363 3025 1444 3082 sunt

266 3130 414 3204 repetitio
444 3130 617 3189 verborum
641 3130 709 3204 qui
741 3132 857 3205 cupit
880 3134 976 3204 atque
999 3133 1107 3206 inepto
1131 3135 1200 3193 1333
1223 3136 1339 3208 posita.
1364 3136 1442 3195 Eli-

266 3243 382 3316 gitur
411 3259 482 3317 pro
513 3217 709 3302 Eunucho
741 3245 826 3303 haud
858 3245 951 3304 dubie
983 3248 1169 3319 corruptum
1193 3249 1251 3306 est.
1277 3249 1443 3308 Audacter

267 3357 438 3428 (nimisque
470 3357 622 3416 audacter
651 3358 799 3427 fortasse)
833 3357 1044 3417 Sabbadinius
1072 3337 1120 3418 sic
1143 3362 1350 3436 sententiam,
1375 3379 1442 3435 qua

267 3485 346 3543 opus
378 3472 436 3545 est,
466 3469 625 3529 restituit:
661 3471 815 3545 „laudes?
838 3471 994 3544 numquid
1018 3473 1139 3533 mirum
1163 3473 1191 3532 si
1214 3475 1303 3548 cupit
1326 3475 1441 3536 deduci

265 3600 322 3658 pro
345 3563 505 3644 Eunucho⁴
522 3585 575 3657 qui
598 3584 789 3645 Eunuchum
812 3588 906 3659 putat
929 3602 1001 3645 3333
1023 3588 1188 3646 beatum.’'

310 3699 363 3757 83.
387 3697 529 3756 Facile
557 3699 1438 3775 1111113Ε1111113113111311331,111311331111111-

149 3813 151 3818 '
265 3813 396 3885 grantes
427 3825 540 3870 cernas
571 3810 668 3884 (Virg.
700 3811 779 3869 Aen.
812 3810 865 3885 IV,
898 3812 983 3882 401).
1009 3813 1075 3872 Aut
1097 3816 1248 3887 probes
1272 3832 1438 3889 persua-

265 3925 372 3984 deas.
397 3924 437 3983 Et
460 3923 558 3983 simul
581 3924 716 3983 honeste
739 3939 804 3983 non
828 3924 910 3983 dixit
933 3926 1016 3998 quod
1040 3929 1109 3986 erat
1132 3930 1256 3986 rectum
1277 3932 1314 3988 ut
1332 3931 1438 3989 Eunu·

265 4039 363 4096 chum
386 4037 500 4110 probes
525 4037 580 4095 sed
602 4053 675 4110 pro
698 4038 911 4113 Eunucho,
937 4054 977 4096 ne
1001 4041 1088 4098 esset
1112 4041 1382 4101 contumeliosum
1404 4043 1439 4102 in

265 4151 474 4211 Chaeream.''
508 4150 640 4210 Verbis:
675 4152 826 4225 probes
859 4153 904 4209 ut
937 4153 1175 4226 migrantes
1210 4169 1360 4214 cernas
1390 4157 1438 4216 1111

264 4265 350 4324 aliud
374 4265 614 4324 demonstratur
637 4280 735 4337 quam
759 4264 834 4337 quid
857 4264 919 4323 sibi
943 4265 980 4323 2ει
1003 4280 1086 4339 pere.
1108 4266 1188 4326 coni.
1209 4267 1289 4326 velit
1309 4273 1438 4342 (nempe

263 4378 405 4451 possis
440 4377 618 4451 probare
651 4378 704 4437 vel
737 4379 844 4452 potius
880 4378 1039 4450 aliquis
1069 4379 1209 4452 possit
1235 4382 1435 4453 probare).

265 4491 351 4566 Quae
375 4491 553 4563 sequuntur
576 4490 790 4548 diversissimi
813 4492 890 4548 sunt
909 4491 1044 4566 generis,
1067 4507 1141 4565 ergo
1162 4494 1232 4550 aut
1251 4493 1434 4554 delendum.
