3230 5260
766 661 807 722 92

199 849 255 908 vix
299 848 533 924 perspiceretur
574 849 637 909 nisi
678 850 868 910 annotasset
906 850 1103 912 Scholiasta:
1141 854 1368 928 ,adierunt

199 962 291 1034 quasi
310 962 493 1037 importune
513 965 546 1023 et
565 962 840 1037 interpellantes.”
853 963 1004 1038 Egregie:
1018 965 1098 1024 nihil
1111 966 1197 1025 enim
1211 967 1368 1044 homines,

199 1076 253 1148 qui
272 1076 477 1136 rumusculos
496 1079 705 1153 aucupantur,
727 1077 902 1137 odiosiores
918 1078 1022 1138 reddit
1034 1094 1132 1152 quam
1145 1080 1215 1154 ipsa
1226 1082 1370 1154 gravitas

199 1204 263 1262 qua
281 1188 354 1248 illos
377 1190 541 1264 perferunt
564 1191 605 1250 ad
628 1205 683 1250 eos
706 1190 746 1250 de
769 1191 885 1264 quibus
909 1194 1113 1267 sparguntur,
1135 1195 1233 1267 atque
1252 1210 1370 1254 verane

199 1302 265 1362 sint
288 1317 370 1376 quae
393 1303 575 1364 audiverint
598 1306 721 1378 rogant.
747 1305 863 1378 Magna
882 1306 993 1365 autern
1011 1307 1063 1366 est
1082 1307 1262 1367 adeundi
1283 1309 1371 1368 verbi

199 1416 360 1490 gravitas:
385 1418 513 1478 adimus
536 1418 623 1477 enirn
643 1420 817 1494 praetores,
838 1418 1093 1495 iurisconsultos
1115 1423 1239 1480 ceteros
1258 1422 1312 1494 qui
1332 1422 1371 1481 de

199 1529 338 1589 maximi
360 1532 519 1591 momenti
543 1531 639 1591 rebus
661 1532 865 1606 respondent.

244 1646 343 1706 Andr.
375 1646 449 1706 923.
481 1647 599 1706 Narrat
621 1645 717 1721 Orito,
742 1645 909 1720 Chrysidis
931 1647 1090 1723 sobrinus
1115 1649 1274 1721 quomodo
1298 1650 1370 1724 Gly-

200 1759 331 1833 cerium,
356 1773 457 1833 parva
479 1760 652 1819 etiamtum
672 1759 787 1834 puella,
810 1760 849 1818 ad
865 1759 957 1819 illam
976 1761 1021 1820 sit
1040 1760 1186 1821 adducta.
1207 1763 1252 1822 At
1272 1763 1369 1840 Simo,

200 1873 251 1933 cui
281 1873 351 1932 tota
381 1873 437 1933 1111
466 1874 608 1933 narratio
634 1873 870 1933 molestissima
893 1875 952 1949 est,
977 1874 1140 1950 quoniam,
1165 1875 1194 1933 si
1217 1892 1295 1936 vera
1316 1877 1370 1953 sit,

200 1987 309 2046 actum
339 1987 385 2046 sit
414 1988 452 2047 de
483 1986 541 2046 11111
571 1989 604 2047 11
635 1986 817 2047 Chremetis
843 1986 928 2048 filiae
951 1989 1082 2064 nuptiis
1107 1989 1155 2048 sic
1178 2004 1253 2048 eum
1276 1991 1371 2049 inter·

199 2100 314 2175 pellat:
342 2101 504 2176 ,fabulam
527 2101 700 2175 inceptat”.
725 2100 909 2161 Ridiculum
933 2102 985 2162 hic
1004 2104 1037 2162 et
1055 2103 1198 2162 facetum
1211 2103 1372 2163 exdolore

199 2212 269 2273 fleri
299 2230 411 2274 senem
442 2230 609 2274 morosum
641 2215 734 2275 docet
759 2230 818 2275 nos
842 2215 1032 2275 Scholiasta.
1054 2216 1106 2276 Sic
1130 2217 1217 2275 enim
1240 2232 1372 2276 narrare

199 2329 349 2401 coeperat
371 2326 474 2387 crito:

288 2440 418 2501 Atticus
441 2441 573 2515 quidam
596 2441 674 2502 olim
698 2441 774 2501 navi
796 2441 901 2502 fracta
923 2443 963 2502 ad
986 2442 1133 2502 Andrum
1157 2443 1279 2504 eiectus
1298 2446 1349 2503 est

288 2553 329 2613 Et
351 2555 452 2615 istaec
475 2570 540 2614 una
562 2571 663 2630 parva
685 2556 786 2629 virgo.

199 2668 306 2740 Atque
336 2667 414 2726 illud
445 2669 614 2728 exordium
640 2670 768 2744 spectat
790 2669 931 2729 Simonis
955 2669 1179 2745 interpellatio,
1205 2671 1262 2730 sed
1284 2685 1371 2744 prae·

199 2782 314 2842 sertim
338 2797 440 2842 unum
464 2783 534 2843 eius
557 2783 750 2844 vocabulum
770 2784 880 2844 olim.
901 2785 1046 2845 Annotat
1066 2785 1153 2843 enim
1173 2784 1371 2844 Scholiasta:

202 2897 262 2972 ,ad
278 2897 461 2957 irrisionem
473 2898 668 2958 narrationis
681 2898 767 2958 dicit.
781 2897 909 2957 Etenim
922 2897 1022 2958 olim
1034 2897 1162 2961 fabulae
1174 2898 1372 2972 proprium.''

243 3012 334 3072 Adel.
360 3012 434 3071 930.
460 3011 553 3071 Micio
577 3011 720 3071 clemens
739 3011 794 3071 ille
814 3013 846 3070 11
865 3011 956 3070 mitis
976 3025 1079 3070 senex
1097 3011 1233 3070 iamiam
1251 3011 1373 3070 nimiae

199 3124 344 3185 lenitatis
378 3140 498 3199 poenas
532 3124 621 3185 dabit
654 3124 748 3184 fratri
778 3124 942 3185 severiori.
974 3123 1126 3184 Precibus
1157 3123 1245 3184 enirn
1275 3126 1373 3198 atque

199 3237 317 3297 blanda
336 3237 479 3297 oratione
500 3238 539 3297 ab
559 3237 614 3297 illo
633 3238 873 3312 permovebitur
892 3238 930 3297 ut
948 3252 1048 3296 anum
1068 3237 1164 3297 ducat
1176 3237 1373 3311 decrepitam

200 3367 275 3411 cum
305 3351 374 3425 ipse
405 3366 526 3410 annum
554 3353 629 3425 agat
652 3351 896 3424 sexagesimum
919 3351 1062 3410 sextum.
1086 3349 1145 3409 llle
1168 3352 1279 3410 autem
1301 3366 1372 3410 rem

200 3465 459 3539 inexspectatam
478 3465 526 3524 111
544 3465 657 3540 incipit
677 3465 921 3525 commendare:
945 3464 1147 3539 ,Aeschinus
1169 3457 1255 3523 iilius
1267 3479 1370 3540 meus

200 3595 297 3653 quem
327 3582 364 3639 tu
394 3579 564 3655 adoptasti,
597 3595 734 3639 uxorem
766 3580 861 3639 ducet
890 3578 990 3654 illam,
1023 3593 1121 3652 quam
1152 3577 1230 3638 olim
1261 3577 1373 3636 habuit

200 3694 350 3754 amicam.
375 3693 478 3753 Probo
503 3693 590 3753 istud
614 3693 785 3754 consilium
808 3693 976 3768 laudeque,
1002 3694 1035 3752 et
1057 3693 1150 3753 iubeo

356 3808 459 3884 Quam
482 3822 639 3866 maxume
662 3823 761 3866 unam
784 3807 890 3866 facere
913 3822 973 3866 nos
996 3807 1080 3866 hanc
1102 3805 1271 3880 familiam,

355 3921 475 3996 Colere,
497 3921 659 3995 adiuvare,
685 3921 890 3995 adiungere.”

199 4037 261 4096 Hic
292 4036 321 4096 11
352 4051 446 4110 opem
477 4035 541 4094 fert
571 4035 752 4095 Aeschinus
784 4036 853 4109 ipse
883 4037 916 4095 et
949 4034 1015 4110 ,ita
1038 4049 1157 4108 quaeso
1180 4033 1292 4108 pater’'
1316 4033 1370 4094 ait.

200 4150 384 4224 Respondet
406 4149 517 4209 Micio:
544 4148 658 4224 ,Haud
682 4148 776 4209 aliter
799 4149 946 4208 censeo.”
960 4148 1043 4206 Tum
1066 4147 1114 4206 sic
1132 4147 1232 4206 irater
1251 4146 1371 4221 pergit:

645 4263 750 4323 Immo
774 4262 880 4323 hercle
903 4262 950 4322 ita
969 4261 1061 4321 nobis
1085 4261 1192 4320 decet:

399 4376 546 4435 Primum
569 4376 666 4436 huius
689 4375 816 4436 uxorist
839 4377 953 4435 mater.

200 4489 240 4548 Et
263 4488 365 4564 Micio,
390 4489 466 4562 quid
489 4489 551 4549 sibi
574 4489 662 4550 istud
688 4488 768 4549 velit
795 4489 991 4548 admiratus:
1019 4490 1098 4564 ,est
1120 4489 1195 4562 quid
1214 4488 1369 4565 postea?”

1596 4166 1612 4653 1

1589 4826 1611 5226 1
