<?xml version="1.0" encoding="UTF-8"?>
<!DOCTYPE html PUBLIC "-//W3C//DTD XHTML 1.0 Transitional//EN"
    "http://www.w3.org/TR/xhtml1/DTD/xhtml1-transitional.dtd">
<html xmlns="http://www.w3.org/1999/xhtml" xml:lang="en" lang="en">
 <head>
  <title>
</title>
<meta http-equiv="Content-Type" content="text/html;charset=utf-8" />
  <meta name='ocr-system' content='tesseract 3.04.00' />
  <meta name='ocr-capabilities' content='ocr_page ocr_carea ocr_par ocr_line ocrx_word'/>
</head>
<body>
  <div class='ocr_page' id='page_1' title='image "./deterentioetdon00hartgoog_0094.png"; bbox 0 0 3230 5260; ppageno 0'>
   <div class='ocr_carea' id='block_1_1' title="bbox 737 641 778 700">
    <p class='ocr_par' dir='ltr' id='par_1_1' title="bbox 737 641 778 700">
     <span class='ocr_line' id='line_1_1' title="bbox 737 641 778 700; baseline -0.024 0"><span class='ocrx_word' id='word_1_1' title='bbox 737 641 778 700; x_wconf 81' lang='lat'>79</span> 
     </span>
    </p>
   </div>
   <div class='ocr_carea' id='block_1_2' title="bbox 167 824 1348 3743">
    <p class='ocr_par' dir='ltr' id='par_1_2' title="bbox 167 824 1342 1346">
     <span class='ocr_line' id='line_1_2' title="bbox 210 824 1342 905; baseline -0.008 -12"><span class='ocrx_word' id='word_1_2' title='bbox 210 833 273 893; x_wconf 91' lang='lat' dir='ltr'>Hic</span> <span class='ocrx_word' id='word_1_3' title='bbox 304 832 411 892; x_wconf 87' lang='lat' dir='ltr'>verbis</span> <span class='ocrx_word' id='word_1_4' title='bbox 442 830 684 905; x_wconf 82' lang='lat' dir='ltr'>superbissimis</span> <span class='ocrx_word' id='word_1_5' title='bbox 711 829 848 888; x_wconf 85' lang='lat' dir='ltr'>exitium</span> <span class='ocrx_word' id='word_1_6' title='bbox 872 826 996 886; x_wconf 92' lang='lat' dir='ltr'>homini</span> <span class='ocrx_word' id='word_1_7' title='bbox 1019 826 1163 885; x_wconf 92' lang='lat' dir='ltr'>minatur</span> <span class='ocrx_word' id='word_1_8' title='bbox 1185 824 1342 884; x_wconf 82' lang='lat' dir='ltr'>Phaedria</span> 
     </span>
     <span class='ocr_line' id='line_1_3' title="bbox 167 939 1342 1020; baseline -0.009 -14"><span class='ocrx_word' id='word_1_9' title='bbox 167 948 195 1006; x_wconf 92' lang='lat' dir='ltr'>si</span> <span class='ocrx_word' id='word_1_10' title='bbox 217 962 364 1020; x_wconf 91' lang='lat' dir='ltr'>unquam</span> <span class='ocrx_word' id='word_1_11' title='bbox 386 945 523 1019; x_wconf 91' lang='lat' dir='ltr'>posthac</span> <span class='ocrx_word' id='word_1_12' title='bbox 545 945 621 1003; x_wconf 90' lang='lat' dir='ltr'>ante</span> <span class='ocrx_word' id='word_1_13' title='bbox 644 943 775 1002; x_wconf 80' lang='lat' dir='ltr'>Thaidis</span> <span class='ocrx_word' id='word_1_14' title='bbox 799 941 894 1001; x_wconf 89' lang='lat' dir='ltr'>aedes</span> <span class='ocrx_word' id='word_1_15' title='bbox 918 942 1109 1014; x_wconf 90' lang='lat' dir='ltr'>conspectus</span> <span class='ocrx_word' id='word_1_16' title='bbox 1132 939 1238 998; x_wconf 83' lang='lat' dir='ltr'>fuerit.</span> <span class='ocrx_word' id='word_1_17' title='bbox 1259 939 1342 997; x_wconf 75' lang='lat' dir='ltr'>&#39;ium</span> 
     </span>
     <span class='ocr_line' id='line_1_4' title="bbox 168 1053 1341 1133; baseline -0.009 -13"><span class='ocrx_word' id='word_1_18' title='bbox 168 1060 310 1120; x_wconf 77' lang='lat' dir='ltr'>Gnatho:</span> <span class='ocrx_word' id='word_1_19' title='bbox 345 1059 438 1133; x_wconf 84' lang='lat' dir='ltr'>„heia</span> <span class='ocrx_word' id='word_1_20' title='bbox 465 1058 550 1117; x_wconf 92' lang='lat' dir='ltr'>haud</span> <span class='ocrx_word' id='word_1_21' title='bbox 573 1057 621 1116; x_wconf 93' lang='lat' dir='ltr'>sic</span> <span class='ocrx_word' id='word_1_22' title='bbox 644 1057 766 1116; x_wconf 90' lang='lat' dir='ltr'>decet.&#39;&#39;</span> <span class='ocrx_word' id='word_1_23' title='bbox 790 1055 895 1114; x_wconf 89' lang='lat' dir='ltr'>Heia</span> <span class='ocrx_word' id='word_1_24' title='bbox 917 1054 1032 1113; x_wconf 90' lang='lat' dir='ltr'>leniter</span> <span class='ocrx_word' id='word_1_25' title='bbox 1055 1053 1251 1126; x_wconf 88' lang='lat' dir='ltr'>increpantis</span> <span class='ocrx_word' id='word_1_26' title='bbox 1274 1053 1341 1110; x_wconf 90' lang='lat' dir='ltr'>est:</span> 
     </span>
     <span class='ocr_line' id='line_1_5' title="bbox 168 1165 1342 1244; baseline -0.009 -11"><span class='ocrx_word' id='word_1_27' title='bbox 168 1174 320 1233; x_wconf 88' lang='lat' dir='ltr'>novimus</span> <span class='ocrx_word' id='word_1_28' title='bbox 355 1173 442 1232; x_wconf 89' lang='lat' dir='ltr'>enirn</span> <span class='ocrx_word' id='word_1_29' title='bbox 477 1186 575 1244; x_wconf 91' lang='lat' dir='ltr'>quam</span> <span class='ocrx_word' id='word_1_30' title='bbox 609 1170 725 1229; x_wconf 84' lang='lat' dir='ltr'>blande</span> <span class='ocrx_word' id='word_1_31' title='bbox 755 1169 905 1242; x_wconf 87' lang='lat' dir='ltr'>mitigare</span> <span class='ocrx_word' id='word_1_32' title='bbox 936 1168 1040 1227; x_wconf 81' lang='lat' dir='ltr'>soleat</span> <span class='ocrx_word' id='word_1_33' title='bbox 1070 1167 1197 1226; x_wconf 81' lang='lat' dir='ltr'>Gnatho</span> <span class='ocrx_word' id='word_1_34' title='bbox 1227 1165 1342 1224; x_wconf 90' lang='lat' dir='ltr'>militis</span> 
     </span>
     <span class='ocr_line' id='line_1_6' title="bbox 170 1287 381 1346; baseline 0 -1"><span class='ocrx_word' id='word_1_35' title='bbox 170 1287 381 1346; x_wconf 89' lang='lat' dir='ltr'>adversarios.</span> 
     </span>
    </p>

    <p class='ocr_par' dir='ltr' id='par_1_3' title="bbox 170 1393 1344 1701">
     <span class='ocr_line' id='line_1_7' title="bbox 214 1393 1342 1471; baseline -0.007 -12"><span class='ocrx_word' id='word_1_36' title='bbox 214 1401 276 1460; x_wconf 82' lang='lat' dir='ltr'>Sed</span> <span class='ocrx_word' id='word_1_37' title='bbox 306 1399 387 1458; x_wconf 91' lang='lat' dir='ltr'>nihil</span> <span class='ocrx_word' id='word_1_38' title='bbox 417 1399 605 1458; x_wconf 77' lang='lat' dir='ltr'>remittente</span> <span class='ocrx_word' id='word_1_39' title='bbox 636 1396 801 1471; x_wconf 88' lang='lat' dir='ltr'>Phaedria,</span> <span class='ocrx_word' id='word_1_40' title='bbox 834 1396 976 1455; x_wconf 89' lang='lat' dir='ltr'>militem</span> <span class='ocrx_word' id='word_1_41' title='bbox 1006 1394 1095 1453; x_wconf 92' lang='lat' dir='ltr'>iubet</span> <span class='ocrx_word' id='word_1_42' title='bbox 1118 1393 1244 1452; x_wconf 79' lang='lat' dir='ltr'>Gnatho</span> <span class='ocrx_word' id='word_1_43' title='bbox 1267 1408 1342 1466; x_wconf 92' lang='lat' dir='ltr'>pau·</span> 
     </span>
     <span class='ocr_line' id='line_1_8' title="bbox 170 1505 1344 1588; baseline -0.008 -15"><span class='ocrx_word' id='word_1_44' title='bbox 170 1514 267 1588; x_wconf 89' lang='lat' dir='ltr'>lisper</span> <span class='ocrx_word' id='word_1_45' title='bbox 297 1513 445 1572; x_wconf 82' lang='lat' dir='ltr'>recedere</span> <span class='ocrx_word' id='word_1_46' title='bbox 477 1514 509 1571; x_wconf 92' lang='lat' dir='ltr'>et</span> <span class='ocrx_word' id='word_1_47' title='bbox 539 1511 732 1571; x_wconf 90' lang='lat' dir='ltr'>Phaedriam</span> <span class='ocrx_word' id='word_1_48' title='bbox 756 1509 996 1587; x_wconf 77' lang='lat' dir='ltr'>Chaereamque</span> <span class='ocrx_word' id='word_1_49' title='bbox 1020 1508 1067 1567; x_wconf 91' lang='lat' dir='ltr'>sio</span> <span class='ocrx_word' id='word_1_50' title='bbox 1090 1507 1208 1580; x_wconf 90' lang='lat' dir='ltr'>alloqui</span> <span class='ocrx_word' id='word_1_51' title='bbox 1232 1505 1344 1579; x_wconf 85' lang='lat' dir='ltr'>incipit</span> 
     </span>
     <span class='ocr_line' id='line_1_9' title="bbox 172 1617 427 1701; baseline -0.012 -13"><span class='ocrx_word' id='word_1_52' title='bbox 172 1629 268 1698; x_wconf 81' lang='grc'>(1069</span> <span class='ocrx_word' id='word_1_53' title='bbox 282 1632 359 1701; x_wconf 82' lang='lat' dir='ltr'>sq.):</span> <span class='ocrx_word' id='word_1_54' title='bbox 426 1617 427 1620; x_wconf 49' lang='lat'>&#39;</span> 
     </span>
    </p>

    <p class='ocr_par' dir='ltr' id='par_1_4' title="bbox 259 1732 1342 1814">
     <span class='ocr_line' id='line_1_10' title="bbox 259 1732 1342 1814; baseline -0.009 -14"><span class='ocrx_word' id='word_1_55' title='bbox 259 1741 418 1814; x_wconf 89' lang='lat' dir='ltr'>Principio</span> <span class='ocrx_word' id='word_1_56' title='bbox 438 1755 496 1814; x_wconf 86' lang='lat' dir='ltr'>ego</span> <span class='ocrx_word' id='word_1_57' title='bbox 508 1754 568 1797; x_wconf 86' lang='lat' dir='ltr'>vos</span> <span class='ocrx_word' id='word_1_58' title='bbox 580 1739 707 1797; x_wconf 89' lang='lat' dir='ltr'>credere</span> <span class='ocrx_word' id='word_1_59' title='bbox 721 1737 834 1797; x_wconf 89' lang='lat' dir='ltr'>ambos</span> <span class='ocrx_word' id='word_1_60' title='bbox 847 1737 907 1796; x_wconf 91' lang='lat' dir='ltr'>hoc</span> <span class='ocrx_word' id='word_1_61' title='bbox 918 1735 1000 1794; x_wconf 92' lang='lat' dir='ltr'>mihi</span> <span class='ocrx_word' id='word_1_62' title='bbox 1011 1735 1222 1794; x_wconf 88' lang='lat' dir='ltr'>vehementer</span> <span class='ocrx_word' id='word_1_63' title='bbox 1233 1732 1342 1807; x_wconf 88' lang='lat' dir='ltr'>velim,</span> 
     </span>
    </p>

    <p class='ocr_par' dir='ltr' id='par_1_5' title="bbox 171 1849 1345 2381">
     <span class='ocr_line' id='line_1_11' title="bbox 260 1849 1294 1926; baseline -0.008 -13"><span class='ocrx_word' id='word_1_64' title='bbox 260 1855 309 1913; x_wconf 91' lang='lat' dir='ltr'>Me</span> <span class='ocrx_word' id='word_1_65' title='bbox 332 1855 429 1912; x_wconf 93' lang='lat' dir='ltr'>huius</span> <span class='ocrx_word' id='word_1_66' title='bbox 453 1852 605 1926; x_wconf 92' lang='lat' dir='ltr'>quidquid</span> <span class='ocrx_word' id='word_1_67' title='bbox 630 1851 712 1910; x_wconf 84' lang='lat' dir='ltr'>facio</span> <span class='ocrx_word' id='word_1_68' title='bbox 736 1851 768 1910; x_wconf 92' lang='lat' dir='ltr'>id</span> <span class='ocrx_word' id='word_1_69' title='bbox 791 1851 896 1910; x_wconf 87' lang='lat' dir='ltr'>facere</span> <span class='ocrx_word' id='word_1_70' title='bbox 920 1849 1066 1909; x_wconf 83' lang='lat' dir='ltr'>maxime</span> <span class='ocrx_word' id='word_1_71' title='bbox 1090 1863 1188 1907; x_wconf 89' lang='lat' dir='ltr'>causa</span> <span class='ocrx_word' id='word_1_72' title='bbox 1210 1862 1294 1906; x_wconf 90' lang='lat' dir='ltr'>mea.</span> 
     </span>
     <span class='ocr_line' id='line_1_12' title="bbox 171 1961 1342 2042; baseline -0.006 -17"><span class='ocrx_word' id='word_1_73' title='bbox 171 1967 253 2026; x_wconf 91' lang='lat' dir='ltr'>Illud</span> <span class='ocrx_word' id='word_1_74' title='bbox 275 1983 348 2042; x_wconf 87' lang='lat' dir='ltr'>„me</span> <span class='ocrx_word' id='word_1_75' title='bbox 368 1967 473 2026; x_wconf 85' lang='lat' dir='ltr'>iacere</span> <span class='ocrx_word' id='word_1_76' title='bbox 486 1979 585 2025; x_wconf 89' lang='lat' dir='ltr'>causa</span> <span class='ocrx_word' id='word_1_77' title='bbox 596 1966 690 2024; x_wconf 92' lang='lat' dir='ltr'>mea”</span> <span class='ocrx_word' id='word_1_78' title='bbox 706 1964 886 2023; x_wconf 85' lang='lat' dir='ltr'>Scholiasta</span> <span class='ocrx_word' id='word_1_79' title='bbox 897 1965 991 2038; x_wconf 91' lang='lat' dir='ltr'>putat</span> <span class='ocrx_word' id='word_1_80' title='bbox 1002 1963 1072 2021; x_wconf 89' lang='lat' dir='ltr'>ideo</span> <span class='ocrx_word' id='word_1_81' title='bbox 1086 1962 1147 2020; x_wconf 90' lang='lat' dir='ltr'>dici</span> <span class='ocrx_word' id='word_1_82' title='bbox 1160 1977 1179 2020; x_wconf 92' lang='lat' dir='ltr'>a</span> <span class='ocrx_word' id='word_1_83' title='bbox 1190 1961 1342 2035; x_wconf 86' lang='lat' dir='ltr'>parasite,</span> 
     </span>
     <span class='ocr_line' id='line_1_13' title="bbox 172 2076 1345 2154; baseline -0.006 -14"><span class='ocrx_word' id='word_1_84' title='bbox 172 2081 324 2154; x_wconf 88' lang='lat' dir='ltr'>quoniam</span> <span class='ocrx_word' id='word_1_85' title='bbox 356 2081 424 2154; x_wconf 88' lang='lat' dir='ltr'>ipse</span> <span class='ocrx_word' id='word_1_86' title='bbox 455 2079 631 2138; x_wconf 91' lang='lat' dir='ltr'>Phaedriae</span> <span class='ocrx_word' id='word_1_87' title='bbox 661 2079 771 2137; x_wconf 91' lang='lat' dir='ltr'>minus</span> <span class='ocrx_word' id='word_1_88' title='bbox 798 2077 869 2136; x_wconf 91' lang='lat' dir='ltr'>odio</span> <span class='ocrx_word' id='word_1_89' title='bbox 893 2078 937 2136; x_wconf 90' lang='lat' dir='ltr'>sit</span> <span class='ocrx_word' id='word_1_90' title='bbox 960 2093 1058 2149; x_wconf 89' lang='lat' dir='ltr'>quarn</span> <span class='ocrx_word' id='word_1_91' title='bbox 1082 2076 1187 2150; x_wconf 80' lang='lat' dir='ltr'>miles,</span> <span class='ocrx_word' id='word_1_92' title='bbox 1212 2076 1345 2147; x_wconf 88' lang='lat' dir='ltr'>eiusque</span> 
     </span>
     <span class='ocr_line' id='line_1_14' title="bbox 175 2189 1343 2270; baseline -0.007 -16"><span class='ocrx_word' id='word_1_93' title='bbox 175 2210 292 2270; x_wconf 78' lang='lat' dir='ltr'>„causa</span> <span class='ocrx_word' id='word_1_94' title='bbox 315 2193 509 2268; x_wconf 89' lang='lat' dir='ltr'>parasitica’&#39;</span> <span class='ocrx_word' id='word_1_95' title='bbox 533 2193 642 2250; x_wconf 89' lang='lat' dir='ltr'>minus</span> <span class='ocrx_word' id='word_1_96' title='bbox 666 2207 764 2264; x_wconf 90' lang='lat' dir='ltr'>quam</span> <span class='ocrx_word' id='word_1_97' title='bbox 784 2191 899 2249; x_wconf 91' lang='lat' dir='ltr'>militis</span> <span class='ocrx_word' id='word_1_98' title='bbox 920 2205 1020 2249; x_wconf 90' lang='lat' dir='ltr'>amor.</span> <span class='ocrx_word' id='word_1_99' title='bbox 1042 2190 1145 2264; x_wconf 83' lang='lat' dir='ltr'>Falso,</span> <span class='ocrx_word' id='word_1_100' title='bbox 1167 2191 1204 2247; x_wconf 92' lang='lat' dir='ltr'>ut</span> <span class='ocrx_word' id='word_1_101' title='bbox 1223 2189 1343 2262; x_wconf 90' lang='lat' dir='ltr'>opinor.</span> 
     </span>
     <span class='ocr_line' id='line_1_15' title="bbox 172 2307 504 2381; baseline -0.003 -16"><span class='ocrx_word' id='word_1_102' title='bbox 172 2307 196 2365; x_wconf 85' lang='grc' dir='ltr'>Ε</span> <span class='ocrx_word' id='word_1_103' title='bbox 219 2308 367 2381; x_wconf 86' lang='lat' dir='ltr'>sequenti</span> <span class='ocrx_word' id='word_1_104' title='bbox 390 2321 504 2366; x_wconf 83' lang='lat' dir='ltr'>versu:</span> 
     </span>
    </p>

    <p class='ocr_par' dir='ltr' id='par_1_6' title="bbox 173 2417 1346 3062">
     <span class='ocr_line' id='line_1_16' title="bbox 259 2417 1306 2492; baseline -0.002 -14"><span class='ocrx_word' id='word_1_105' title='bbox 259 2421 381 2480; x_wconf 87' lang='lat' dir='ltr'>Verum</span> <span class='ocrx_word' id='word_1_106' title='bbox 404 2420 433 2479; x_wconf 90' lang='lat' dir='ltr'>si</span> <span class='ocrx_word' id='word_1_107' title='bbox 457 2420 542 2479; x_wconf 91' lang='lat' dir='ltr'>idem</span> <span class='ocrx_word' id='word_1_108' title='bbox 566 2419 657 2477; x_wconf 89' lang='lat' dir='ltr'>vobis</span> <span class='ocrx_word' id='word_1_109' title='bbox 681 2419 820 2492; x_wconf 86' lang='lat' dir='ltr'>prodest,</span> <span class='ocrx_word' id='word_1_110' title='bbox 845 2433 904 2476; x_wconf 90' lang='lat' dir='ltr'>vos</span> <span class='ocrx_word' id='word_1_111' title='bbox 928 2418 1119 2476; x_wconf 85' lang='lat' dir='ltr'>nonfacere</span> <span class='ocrx_word' id='word_1_112' title='bbox 1143 2417 1306 2476; x_wconf 88' lang='lat' dir='ltr'>inscitiast</span> 
     </span>
     <span class='ocr_line' id='line_1_17' title="bbox 174 2533 1346 2608; baseline -0.003 -14"><span class='ocrx_word' id='word_1_113' title='bbox 174 2536 305 2608; x_wconf 90' lang='lat' dir='ltr'>apparet</span> <span class='ocrx_word' id='word_1_114' title='bbox 339 2534 544 2593; x_wconf 83' lang='lat' dir='ltr'>Gnathonem</span> <span class='ocrx_word' id='word_1_115' title='bbox 574 2533 635 2592; x_wconf 91' lang='lat' dir='ltr'>hoc</span> <span class='ocrx_word' id='word_1_116' title='bbox 665 2533 765 2592; x_wconf 92' lang='lat' dir='ltr'>velle:</span> <span class='ocrx_word' id='word_1_117' title='bbox 801 2548 1019 2607; x_wconf 81' lang='lat' dir='ltr'>„quamquam</span> <span class='ocrx_word' id='word_1_118' title='bbox 1050 2548 1125 2591; x_wconf 91' lang='lat' dir='ltr'>mea</span> <span class='ocrx_word' id='word_1_119' title='bbox 1156 2548 1254 2592; x_wconf 89' lang='lat' dir='ltr'>causa</span> <span class='ocrx_word' id='word_1_120' title='bbox 1285 2533 1346 2590; x_wconf 88' lang='lat' dir='ltr'>hoc</span> 
     </span>
     <span class='ocr_line' id='line_1_18' title="bbox 174 2646 1345 2725; baseline -0.004 -17"><span class='ocrx_word' id='word_1_121' title='bbox 174 2651 251 2725; x_wconf 88' lang='lat' dir='ltr'>dico,</span> <span class='ocrx_word' id='word_1_122' title='bbox 287 2652 398 2709; x_wconf 90' lang='lat' dir='ltr'>tamen</span> <span class='ocrx_word' id='word_1_123' title='bbox 433 2649 464 2707; x_wconf 92' lang='lat' dir='ltr'>id</span> <span class='ocrx_word' id='word_1_124' title='bbox 495 2649 603 2722; x_wconf 90' lang='lat' dir='ltr'>ipsum</span> <span class='ocrx_word' id='word_1_125' title='bbox 634 2649 667 2706; x_wconf 90' lang='lat' dir='ltr'>et</span> <span class='ocrx_word' id='word_1_126' title='bbox 697 2647 789 2705; x_wconf 92' lang='lat' dir='ltr'>vobis</span> <span class='ocrx_word' id='word_1_127' title='bbox 820 2647 972 2720; x_wconf 89' lang='lat' dir='ltr'>prodesse</span> <span class='ocrx_word' id='word_1_128' title='bbox 1002 2648 1141 2722; x_wconf 88' lang='lat' dir='ltr'>potest,”</span> <span class='ocrx_word' id='word_1_129' title='bbox 1174 2646 1231 2705; x_wconf 92' lang='lat' dir='ltr'>sed</span> <span class='ocrx_word' id='word_1_130' title='bbox 1262 2646 1345 2704; x_wconf 91' lang='lat' dir='ltr'>hanc</span> 
     </span>
     <span class='ocr_line' id='line_1_19' title="bbox 174 2759 1344 2834; baseline -0.003 -12"><span class='ocrx_word' id='word_1_131' title='bbox 174 2765 369 2823; x_wconf 89' lang='lat' dir='ltr'>sententiam</span> <span class='ocrx_word' id='word_1_132' title='bbox 400 2763 438 2821; x_wconf 92' lang='lat' dir='ltr'>de</span> <span class='ocrx_word' id='word_1_133' title='bbox 469 2762 627 2821; x_wconf 89' lang='lat' dir='ltr'>industria</span> <span class='ocrx_word' id='word_1_134' title='bbox 658 2761 841 2820; x_wconf 89' lang='lat' dir='ltr'>ioculariter</span> <span class='ocrx_word' id='word_1_135' title='bbox 871 2761 918 2818; x_wconf 90' lang='lat' dir='ltr'>sic</span> <span class='ocrx_word' id='word_1_136' title='bbox 942 2761 1163 2834; x_wconf 88' lang='lat' dir='ltr'>composuisse</span> <span class='ocrx_word' id='word_1_137' title='bbox 1186 2762 1223 2819; x_wconf 90' lang='lat' dir='ltr'>ut</span> <span class='ocrx_word' id='word_1_138' title='bbox 1246 2759 1344 2818; x_wconf 86' lang='lat' dir='ltr'>Phae·</span> 
     </span>
     <span class='ocr_line' id='line_1_20' title="bbox 174 2872 1346 2953; baseline -0.004 -18"><span class='ocrx_word' id='word_1_139' title='bbox 174 2877 276 2937; x_wconf 91' lang='lat' dir='ltr'>driam</span> <span class='ocrx_word' id='word_1_140' title='bbox 295 2873 375 2953; x_wconf 73' lang='grc' dir='ltr'><strong><em>παρὰ</em></strong></span> <span class='ocrx_word' id='word_1_141' title='bbox 394 2874 577 2952; x_wconf 75' lang='grc' dir='ltr'><strong><em>προσδοκίαν</em></strong></span> <span class='ocrx_word' id='word_1_142' title='bbox 598 2874 706 2934; x_wconf 89' lang='lat' dir='ltr'>iubeat</span> <span class='ocrx_word' id='word_1_143' title='bbox 726 2875 757 2933; x_wconf 96' lang='lat' dir='ltr'>id</span> <span class='ocrx_word' id='word_1_144' title='bbox 778 2875 905 2932; x_wconf 90' lang='lat' dir='ltr'>credere</span> <span class='ocrx_word' id='word_1_145' title='bbox 921 2875 1005 2946; x_wconf 90' lang='lat' dir='ltr'>quod</span> <span class='ocrx_word' id='word_1_146' title='bbox 1017 2874 1078 2932; x_wconf 90' lang='lat' dir='ltr'>sibi</span> <span class='ocrx_word' id='word_1_147' title='bbox 1090 2874 1143 2933; x_wconf 92' lang='lat' dir='ltr'>ille</span> <span class='ocrx_word' id='word_1_148' title='bbox 1156 2872 1346 2932; x_wconf 88' lang='lat' dir='ltr'>iamdudum</span> 
     </span>
     <span class='ocr_line' id='line_1_21' title="bbox 173 2988 512 3062; baseline -0.006 -13"><span class='ocrx_word' id='word_1_149' title='bbox 173 3004 365 3062; x_wconf 89' lang='lat' dir='ltr'>persuasum</span> <span class='ocrx_word' id='word_1_150' title='bbox 385 2988 512 3048; x_wconf 90' lang='lat' dir='ltr'>habeat.</span> 
     </span>
    </p>

    <p class='ocr_par' dir='ltr' id='par_1_7' title="bbox 219 3099 1293 3178">
     <span class='ocr_line' id='line_1_22' title="bbox 219 3099 1293 3178; baseline -0.003 -17"><span class='ocrx_word' id='word_1_151' title='bbox 219 3102 321 3178; x_wconf 81' lang='lat' dir='ltr'>„Quid</span> <span class='ocrx_word' id='word_1_152' title='bbox 344 3103 375 3160; x_wconf 93' lang='lat' dir='ltr'>id</span> <span class='ocrx_word' id='word_1_153' title='bbox 399 3103 493 3161; x_wconf 85' lang='lat' dir='ltr'>est?”</span> <span class='ocrx_word' id='word_1_154' title='bbox 518 3101 676 3160; x_wconf 91' lang='lat' dir='ltr'>Phaedria</span> <span class='ocrx_word' id='word_1_155' title='bbox 698 3102 800 3174; x_wconf 83' lang='lat' dir='ltr'>rogat.</span> <span class='ocrx_word' id='word_1_156' title='bbox 825 3100 1010 3174; x_wconf 87' lang='lat' dir='ltr'>Respondet</span> <span class='ocrx_word' id='word_1_157' title='bbox 1033 3099 1160 3158; x_wconf 92' lang='lat' dir='ltr'>Gnatho</span> <span class='ocrx_word' id='word_1_158' title='bbox 1185 3101 1293 3169; x_wconf 82' lang='lat'><strong>(1072)</strong></span> 
     </span>
    </p>

    <p class='ocr_par' dir='ltr' id='par_1_8' title="bbox 172 3214 1348 3743">
     <span class='ocr_line' id='line_1_23' title="bbox 373 3214 1145 3288; baseline -0.003 -14"><span class='ocrx_word' id='word_1_159' title='bbox 373 3216 508 3275; x_wconf 91' lang='lat' dir='ltr'>Militem</span> <span class='ocrx_word' id='word_1_160' title='bbox 533 3230 591 3288; x_wconf 87' lang='lat' dir='ltr'>ego</span> <span class='ocrx_word' id='word_1_161' title='bbox 615 3214 750 3273; x_wconf 87' lang='lat' dir='ltr'>rivalem</span> <span class='ocrx_word' id='word_1_162' title='bbox 774 3214 996 3288; x_wconf 90' lang='lat' dir='ltr'>recipiundum</span> <span class='ocrx_word' id='word_1_163' title='bbox 1020 3228 1145 3272; x_wconf 87' lang='lat' dir='ltr'>censen.</span> 
     </span>
     <span class='ocr_line' id='line_1_24' title="bbox 173 3328 1347 3404; baseline -0.002 -16"><span class='ocrx_word' id='word_1_164' title='bbox 173 3329 233 3388; x_wconf 91' lang='lat' dir='ltr'>Hic</span> <span class='ocrx_word' id='word_1_165' title='bbox 268 3328 426 3388; x_wconf 88' lang='lat' dir='ltr'>Phaedria</span> <span class='ocrx_word' id='word_1_166' title='bbox 456 3329 636 3388; x_wconf 83' lang='lat' dir='ltr'>exclamat:</span> <span class='ocrx_word' id='word_1_167' title='bbox 672 3328 815 3404; x_wconf 79' lang='lat' dir='ltr'>„Heml”</span> <span class='ocrx_word' id='word_1_168' title='bbox 847 3328 977 3387; x_wconf 89' lang='lat' dir='ltr'>Nullam</span> <span class='ocrx_word' id='word_1_169' title='bbox 1010 3329 1139 3402; x_wconf 88' lang='lat' dir='ltr'>scripsit</span> <span class='ocrx_word' id='word_1_170' title='bbox 1167 3329 1347 3387; x_wconf 82' lang='lat' dir='ltr'>Scholiasta</span> 
     </span>
     <span class='ocr_line' id='line_1_25' title="bbox 172 3441 1347 3514; baseline -0.002 -12"><span class='ocrx_word' id='word_1_171' title='bbox 172 3443 336 3502; x_wconf 88' lang='lat' dir='ltr'>utiliorem</span> <span class='ocrx_word' id='word_1_172' title='bbox 371 3443 615 3501; x_wconf 90' lang='lat' dir='ltr'>annotationem</span> <span class='ocrx_word' id='word_1_173' title='bbox 650 3457 748 3514; x_wconf 89' lang='lat' dir='ltr'>quam</span> <span class='ocrx_word' id='word_1_174' title='bbox 784 3457 821 3500; x_wconf 93' lang='lat' dir='ltr'>ea</span> <span class='ocrx_word' id='word_1_175' title='bbox 856 3443 907 3500; x_wconf 91' lang='lat' dir='ltr'>est</span> <span class='ocrx_word' id='word_1_176' title='bbox 941 3457 1022 3513; x_wconf 91' lang='lat' dir='ltr'>quae</span> <span class='ocrx_word' id='word_1_177' title='bbox 1054 3442 1094 3500; x_wconf 93' lang='lat' dir='ltr'>ad</span> <span class='ocrx_word' id='word_1_178' title='bbox 1124 3441 1209 3500; x_wconf 93' lang='lat' dir='ltr'>hunc</span> <span class='ocrx_word' id='word_1_179' title='bbox 1239 3441 1347 3500; x_wconf 94' lang='lat' dir='ltr'>locum</span> 
     </span>
     <span class='ocr_line' id='line_1_26' title="bbox 172 3554 1348 3630; baseline -0.001 -16"><span class='ocrx_word' id='word_1_180' title='bbox 172 3555 306 3629; x_wconf 87' lang='lat' dir='ltr'>legitur:</span> <span class='ocrx_word' id='word_1_181' title='bbox 330 3554 524 3630; x_wconf 79' lang='lat' dir='ltr'>„Considera</span> <span class='ocrx_word' id='word_1_182' title='bbox 543 3571 605 3628; x_wconf 88' lang='lat' dir='ltr'>quo</span> <span class='ocrx_word' id='word_1_183' title='bbox 625 3555 718 3614; x_wconf 89' lang='lat' dir='ltr'>vultu</span> <span class='ocrx_word' id='word_1_184' title='bbox 737 3555 798 3614; x_wconf 90' lang='lat' dir='ltr'>hoo</span> <span class='ocrx_word' id='word_1_185' title='bbox 817 3554 988 3613; x_wconf 89' lang='lat' dir='ltr'>dicendum</span> <span class='ocrx_word' id='word_1_186' title='bbox 1008 3555 1060 3630; x_wconf 86' lang='lat' dir='ltr'>sit,</span> <span class='ocrx_word' id='word_1_187' title='bbox 1082 3556 1115 3614; x_wconf 92' lang='lat' dir='ltr'>et</span> <span class='ocrx_word' id='word_1_188' title='bbox 1134 3555 1295 3629; x_wconf 87' lang='lat' dir='ltr'>intelliges</span> <span class='ocrx_word' id='word_1_189' title='bbox 1315 3556 1348 3613; x_wconf 94' lang='lat' dir='ltr'>et</span> 
     </span>
     <span class='ocr_line' id='line_1_27' title="bbox 174 3668 1347 3743; baseline -0.001 -15"><span class='ocrx_word' id='word_1_190' title='bbox 174 3669 357 3728; x_wconf 91' lang='lat' dir='ltr'>militem</span> <span class='ocrx_word' id='word_1_191' title='bbox 389 3671 421 3728; x_wconf 90' lang='lat' dir='ltr'>et</span> <span class='ocrx_word' id='word_1_192' title='bbox 451 3668 648 3742; x_wconf 86' lang='lat' dir='ltr'>rivalem,</span> <span class='ocrx_word' id='word_1_193' title='bbox 674 3670 706 3727; x_wconf 92' lang='lat' dir='ltr'>et</span> <span class='ocrx_word' id='word_1_194' title='bbox 729 3668 1020 3741; x_wconf 89' lang='lat' dir='ltr'>recipiendum</span> <span class='ocrx_word' id='word_1_195' title='bbox 1044 3670 1076 3727; x_wconf 89' lang='lat' dir='ltr'>et</span> <span class='ocrx_word' id='word_1_196' title='bbox 1100 3684 1172 3743; x_wconf 85' lang='lat' dir='ltr'>ego</span> <span class='ocrx_word' id='word_1_197' title='bbox 1197 3684 1347 3728; x_wconf 88' lang='lat' dir='ltr'>censeo</span> 
     </span>
    </p>
   </div>
   <div class='ocr_carea' id='block_1_3' title="bbox 175 3782 1348 4200">
    <p class='ocr_par' dir='ltr' id='par_1_9' title="bbox 175 3782 1348 4200">
     <span class='ocr_line' id='line_1_28' title="bbox 175 3782 1348 3859; baseline 0 -17"><span class='ocrx_word' id='word_1_198' title='bbox 175 3786 295 3856; x_wconf 89' lang='lat' dir='ltr'>quanta</span> <span class='ocrx_word' id='word_1_199' title='bbox 318 3782 531 3857; x_wconf 83' lang='lat' dir='ltr'>significent.”</span> <span class='ocrx_word' id='word_1_200' title='bbox 556 3783 676 3842; x_wconf 89' lang='lat' dir='ltr'>Deinde</span> <span class='ocrx_word' id='word_1_201' title='bbox 697 3784 735 3841; x_wconf 93' lang='lat' dir='ltr'>de</span> <span class='ocrx_word' id='word_1_202' title='bbox 759 3783 895 3856; x_wconf 83' lang='lat' dir='ltr'>singulis</span> <span class='ocrx_word' id='word_1_203' title='bbox 918 3784 1051 3842; x_wconf 83' lang='lat' dir='ltr'>vocibus</span> <span class='ocrx_word' id='word_1_204' title='bbox 1074 3785 1122 3844; x_wconf 90' lang='lat' dir='ltr'>sio</span> <span class='ocrx_word' id='word_1_205' title='bbox 1145 3785 1288 3859; x_wconf 90' lang='lat' dir='ltr'>disputat</span> <span class='ocrx_word' id='word_1_206' title='bbox 1311 3786 1348 3842; x_wconf 90' lang='lat' dir='ltr'>ut</span> 
     </span>
     <span class='ocr_line' id='line_1_29' title="bbox 175 3896 1348 3971; baseline 0 -17"><span class='ocrx_word' id='word_1_207' title='bbox 175 3896 234 3955; x_wconf 93' lang='lat' dir='ltr'>hoc</span> <span class='ocrx_word' id='word_1_208' title='bbox 269 3912 345 3956; x_wconf 91' lang='lat' dir='ltr'>eum</span> <span class='ocrx_word' id='word_1_209' title='bbox 375 3896 458 3956; x_wconf 92' lang='lat' dir='ltr'>velle</span> <span class='ocrx_word' id='word_1_210' title='bbox 489 3896 617 3955; x_wconf 89' lang='lat' dir='ltr'>videas:</span> <span class='ocrx_word' id='word_1_211' title='bbox 652 3896 782 3971; x_wconf 89' lang='lat' dir='ltr'>„omnia</span> <span class='ocrx_word' id='word_1_212' title='bbox 812 3897 858 3955; x_wconf 92' lang='lat' dir='ltr'>ita</span> <span class='ocrx_word' id='word_1_213' title='bbox 889 3911 961 3956; x_wconf 88' lang='lat' dir='ltr'>esse</span> <span class='ocrx_word' id='word_1_214' title='bbox 993 3897 1160 3956; x_wconf 87' lang='lat' dir='ltr'>enuntiata</span> <span class='ocrx_word' id='word_1_215' title='bbox 1190 3899 1226 3956; x_wconf 93' lang='lat' dir='ltr'>ut</span> <span class='ocrx_word' id='word_1_216' title='bbox 1249 3911 1348 3970; x_wconf 90' lang='lat' dir='ltr'>quam</span> 
     </span>
     <span class='ocr_line' id='line_1_30' title="bbox 177 4009 1348 4086; baseline 0.002 -18"><span class='ocrx_word' id='word_1_217' title='bbox 177 4011 458 4085; x_wconf 88' lang='lat' dir='ltr'>impudentissima</span> <span class='ocrx_word' id='word_1_218' title='bbox 476 4012 647 4070; x_wconf 88' lang='lat' dir='ltr'>videantur</span> <span class='ocrx_word' id='word_1_219' title='bbox 657 4012 685 4084; x_wconf 91' lang='lat'>;”</span> <span class='ocrx_word' id='word_1_220' title='bbox 707 4012 776 4070; x_wconf 90' lang='lat' dir='ltr'>sive</span> <span class='ocrx_word' id='word_1_221' title='bbox 792 4011 875 4084; x_wconf 89' lang='lat' dir='ltr'>quod</span> <span class='ocrx_word' id='word_1_222' title='bbox 888 4027 985 4086; x_wconf 92' lang='lat' dir='ltr'>supra</span> <span class='ocrx_word' id='word_1_223' title='bbox 997 4013 1130 4085; x_wconf 87' lang='lat' dir='ltr'>legitur:</span> <span class='ocrx_word' id='word_1_224' title='bbox 1147 4009 1348 4086; x_wconf 80' lang='lat' dir='ltr'>„Artificiose</span> 
     </span>
     <span class='ocr_line' id='line_1_31' title="bbox 177 4118 1347 4200; baseline -0.001 -17"><span class='ocrx_word' id='word_1_225' title='bbox 177 4126 255 4184; x_wconf 91' lang='lat' dir='ltr'>satis</span> <span class='ocrx_word' id='word_1_226' title='bbox 278 4125 384 4184; x_wconf 91' lang='lat' dir='ltr'>semel</span> <span class='ocrx_word' id='word_1_227' title='bbox 396 4118 417 4195; x_wconf 83' lang='lat'>¹)</span> <span class='ocrx_word' id='word_1_228' title='bbox 437 4125 548 4184; x_wconf 90' lang='lat' dir='ltr'>intulit</span> <span class='ocrx_word' id='word_1_229' title='bbox 569 4140 664 4184; x_wconf 89' lang='lat' dir='ltr'>omne</span> <span class='ocrx_word' id='word_1_230' title='bbox 684 4126 767 4198; x_wconf 91' lang='lat' dir='ltr'>quod</span> <span class='ocrx_word' id='word_1_231' title='bbox 787 4125 903 4184; x_wconf 90' lang='lat' dir='ltr'>durum</span> <span class='ocrx_word' id='word_1_232' title='bbox 923 4126 1010 4187; x_wconf 89' lang='lat' dir='ltr'>dictu</span> <span class='ocrx_word' id='word_1_233' title='bbox 1030 4126 1070 4184; x_wconf 92' lang='lat' dir='ltr'>ad</span> <span class='ocrx_word' id='word_1_234' title='bbox 1088 4124 1347 4200; x_wconf 91' lang='lat' dir='ltr'>persuadendum</span> 
     </span>
    </p>
   </div>
   <div class='ocr_carea' id='block_1_4' title="bbox 205 4503 1349 4558">
    <p class='ocr_par' dir='ltr' id='par_1_10' title="bbox 205 4503 1349 4558">
     <span class='ocr_line' id='line_1_32' title="bbox 205 4503 1349 4558; baseline 0.001 -12"><span class='ocrx_word' id='word_1_235' title='bbox 205 4505 221 4553; x_wconf 83' lang='lat'>¹)</span> <span class='ocrx_word' id='word_1_236' title='bbox 235 4503 342 4558; x_wconf 83' lang='lat' dir='ltr'>Semel.</span> <span class='ocrx_word' id='word_1_237' title='bbox 355 4503 419 4558; x_wconf 86' lang='lat' dir='ltr'>Lege</span> <span class='ocrx_word' id='word_1_238' title='bbox 434 4503 542 4548; x_wconf 81' lang='lat' dir='ltr'>Simul:</span> <span class='ocrx_word' id='word_1_239' title='bbox 558 4503 643 4547; x_wconf 87' lang='lat' dir='ltr'>omnia</span> <span class='ocrx_word' id='word_1_240' title='bbox 657 4503 725 4548; x_wconf 89' lang='lat' dir='ltr'>enim</span> <span class='ocrx_word' id='word_1_241' title='bbox 740 4505 856 4548; x_wconf 87' lang='lat' dir='ltr'>simulet</span> <span class='ocrx_word' id='word_1_242' title='bbox 870 4514 930 4548; x_wconf 84' lang='lat' dir='ltr'>voce</span> <span class='ocrx_word' id='word_1_243' title='bbox 944 4513 1069 4556; x_wconf 84' lang='lat' dir='ltr'>nusquam</span> <span class='ocrx_word' id='word_1_244' title='bbox 1082 4503 1236 4548; x_wconf 85' lang='lat' dir='ltr'>subsistente</span> <span class='ocrx_word' id='word_1_245' title='bbox 1248 4503 1349 4556; x_wconf 82' lang='lat' dir='ltr'>profert.</span> 
     </span>
    </p>
   </div>
   <div class='ocr_carea' id='block_1_5' title="bbox 0 0 1635 5260">
    <p class='ocr_par' dir='ltr' id='par_1_11' title="bbox 0 0 1635 5260">
     <span class='ocr_line' id='line_1_33' title="bbox 0 0 1635 5260; baseline 0 0"><span class='ocrx_word' id='word_1_246' title='bbox 0 0 1635 5260; x_wconf 95' lang='lat' dir='ltr'> </span> 
     </span>
    </p>
   </div>
  </div>
 </body>
</html>
