3234 5254
827 625 889 684 174

274 812 330 870 sed
360 811 467 885 potius
498 813 586 871 casui
616 812 808 872 attributam
839 813 937 871 velit'’
970 827 1026 886 pro
1057 814 1109 886 „et
1132 813 1179 871 sic
1201 812 1318 872 maluit
1340 813 1450 872 dicere

273 939 372 996 quarn
391 941 476 985 nunc
495 927 656 986 Aeschino
669 923 806 1002 culpam,
821 927 877 985 sed
889 927 996 1000 potius
1010 928 1098 987 casui
1112 927 1303 986 attributam
1315 927 1449 986 vellet.”

321 1039 370 1098 10.
406 1039 465 1114 „at
491 1055 622 1113 genus
645 1041 711 1099 iarn
736 1041 775 1099 ad
798 1039 891 1098 vivos
915 1038 1063 1116 pertinet,
1089 1041 1258 1101 familia
1282 1043 1381 1101 etiam
1407 1042 1450 1099 ad

274 1151 473 1212 defunctos.’'
504 1153 603 1212 Estne
634 1153 714 1212 iarn
745 1153 798 1212 hic
828 1154 914 1212 idern
946 1154 1029 1226 quod
1059 1156 1374 1215 tantummodo?
1408 1158 1450 1216 Et

274 1265 348 1337 quid
372 1268 441 1326 tota
464 1266 525 1325 sibi
548 1267 628 1326 haec
651 1267 722 1326 vult
745 1266 913 1326 doctrina?

317 1487 373 1561 HI,
400 1489 428 1562 2,
456 1490 485 1548 8.

428 1601 529 1676 Quem
552 1617 655 1676 neque
678 1601 767 1676 fides,
793 1618 895 1677 neque
920 1603 1153 1678 iusiurandum,
1180 1621 1283 1678 neque
1307 1607 1402 1666 illurn

1213 1713 1451 1790 [misericordia

427 1829 594 1904 Repressit
616 1847 719 1904 neque
743 1831 879 1890 reflexit.

274 1941 396 2000 schol:
423 1943 490 2015 „sic
513 1944 573 2003 hoc
596 1945 718 2003 dictum
743 1945 793 2003 est
815 1947 852 2003 ut
875 1959 894 2003 a
916 1945 1065 2018 Virgilio:
1100 2025 1101 2029 Ἰ

426 2056 513 2115 Num
535 2057 614 2117 fletu
637 2058 796 2132 ingemuit
819 2060 938 2132 nostro,
964 2074 1043 2117 num
1066 2059 1191 2118 lumina
1214 2059 1330 2118 flexit?

429 2171 515 2230 Num
533 2171 685 2230 lacrimas
705 2172 812 2231 victus
824 2172 919 2246 dedit,
934 2174 991 2231 aut
1003 2172 1178 2232 miseratus
1191 2175 1358 2233 amantem
1371 2178 1451 2235 est?

272 2285 318 2344 Ut
348 2286 376 2343 si
399 2301 463 2344 non
493 2285 598 2358 potuit
628 2285 759 2358 reprimi
790 2301 830 2343 ne
860 2285 989 2360 iaceret,
1023 2287 1141 2345 saltem
1170 2289 1206 2346 ut
1229 2287 1262 2345 in
1285 2289 1450 2360 peccando

273 2401 360 2458 esset
379 2399 498 2472 mitior,
520 2397 629 2457 debuit
649 2399 846 2458 commoveri
854 2400 890 2457 ?’'
913 2398 1070 2473 Quoniam
1083 2401 1245 2473 sequitur:
1259 2401 1315 2460 sed
1328 2401 1450 2460 melius

274 2515 356 2586 quod
387 2527 493 2588 supra,
525 2527 581 2585 pro
612 2513 656 2570 ut
686 2512 722 2570 si
753 2527 831 2570 non
862 2513 1003 2586 potuit
1034 2513 1205 2586 legendum
1238 2516 1288 2573 est
1316 2517 1387 2573 aut
1413 2515 1451 2574 si

272 2643 351 2686 non
377 2626 533 2701 potuit,
559 2626 706 2698 quodque
729 2628 802 2699 post
825 2626 903 2685 illud
927 2628 998 2685 aut
1020 2627 1138 2701 legitur
1162 2643 1282 2688 novam
1303 2629 1451 2689 continet

273 2739 522 2812 explicationem
547 2741 609 2810 (vel
631 2740 721 2798 verbi
745 2740 960 2814 repressit
982 2740 1034 2800 vel
1058 2741 1258 2811 reflexit).

320 2855 369 2913 16.
394 2853 529 2927 Egregia
553 2854 776 2913 emendatione
799 2854 1045 2914 Westerhovius
1068 2856 1129 2915 hoc
1152 2855 1296 2915 scholion
1317 2859 1451 2916 sanavit

272 2982 328 3040 pro
360 2966 643 3041 bracchiaque
675 2968 715 3026 et
747 2969 890 3026 cetera
921 2968 1030 3028 vitia
1060 2969 1187 3043 legens:
1215 2970 1450 3043 „bracchiaque

273 3083 306 3139 et
329 3082 444 3140 cetera.
469 3080 618 3139 Vindicta
642 3096 667 3139 e.
682 3097 711 3153 q.
726 3082 773 3139 s”

319 3195 369 3253 18.
391 3193 632 3263 Sublimem]
657 3195 741 3268 „ista
759 3196 893 3268 poena.”
916 3193 1126 3269 Corruptum;
1147 3211 1250 3269 neque
1271 3197 1449 3270 quidquam

272 3310 402 3382 prodest
425 3308 609 3368 coniectura
632 3309 724 3383 ipsa
754 3324 895 3382 poena.

318 3424 369 3482 23.
926 3423 970 3481 Te
994 3424 1098 3496 ipsam
1123 3423 1267 3496 quaerito

405 3537 449 3597 Te
469 3539 637 3611 exspecto:
660 3537 773 3610 oppido
793 3539 970 3610 opportune
989 3539 1022 3596 te
1042 3537 1187 3596 obtulisti
1206 3538 1288 3596 mihi
1304 3538 1446 3598 obviam.

273 3651 422 3711 Scholion
453 3652 493 3711 ad
523 3652 608 3712 hunc
638 3652 745 3710 locum
776 3651 823 3710 sic
854 3649 984 3711 refinxit
1013 3651 1276 3711 Westerhovius:
1304 3653 1449 3727 „incerta

273 3766 436 3825 distinctio
478 3767 589 3824 utrum
630 3767 670 3824 te
710 3768 912 3839 exspecto
947 3766 1097 3839 oppido
1133 3768 1368 3840 opportune
1403 3769 1448 3826 sit

273 3879 443 3939 dicendum
485 3894 527 3937 an
561 3881 814 3952 exspectare
844 3879 888 3938 sit
918 3879 1125 3952 impatienter
1156 3894 1279 3954 cupere,
1313 3881 1345 3938 et
1376 3880 1447 3938 sine

271 3992 522 4066 praescriptione
546 3992 711 4066 temporis,
736 4008 865 4067 sperare
889 3992 982 4052 iuxta
1006 3995 1129 4052 certum
1153 3994 1315 4066 tempus.'’
1337 3993 1447 4052 Laudo

271 4106 489 4166 Westerhovii
523 4121 663 4181 operam,
700 4107 756 4165 sed
791 4105 953 4179 integrum
988 4105 1132 4165 scholion
1167 4105 1350 4165 restituisse
1382 4122 1447 4165 non

272 4219 408 4279 videtur.
433 4219 561 4279 Etenim
585 4219 669 4278 inter
693 4234 741 4278 an
765 4222 798 4277 et
822 4221 1074 4292 exspectare
1099 4220 1257 4278 excidisse
1281 4219 1445 4293 suspicor:

198 4311 204 4321 ⁵
275 4329 317 4394 1⁰.
338 4377 339 4380 ,
360 4335 494 4395 alterius
536 4335 752 4394 distinctionis
794 4333 1073 4409 significationem,
1119 4327 1162 4394 2⁰.
1208 4334 1330 4409 „altera
1366 4337 1446 4394 haec

273 4448 436 4508 distinctio
460 4464 538 4508 vera
561 4451 611 4508 est
635 4464 709 4508 curn
734 4464 760 4507 e.
775 4464 803 4521 q.
818 4449 865 4506 s.”
