3254 5274
796 644 816 709 8

217 838 373 898 Thaidem
392 839 551 913 advolare,
573 837 754 910 retinetque
770 852 846 896 eum
858 837 1041 897 Parmeno?
1053 838 1097 897 At
1108 836 1216 912 potius
1227 835 1386 898 Phaedria

217 967 252 1010 33
283 952 350 1010 13111
380 951 467 1011 31113
489 952 633 1011 laturum
655 949 837 1010 meretricis
861 950 1075 1010 contumelias
1098 953 1204 1027 negat,
1230 953 1263 1011 et
1285 967 1334 1027 ne,
1360 952 1389 1010 si

217 1065 363 1124 obsecret
385 1065 516 1138 quidem
539 1065 604 1140 illa,
630 1064 752 1124 iturum
776 1066 952 1140 asseverat,
978 1065 1192 1138 admonetque
1216 1080 1292 1124 eum
1315 1066 1388 1124 Par·

216 1192 312 1238 meno
335 1179 469 1253 periculi
493 1179 575 1252 quod
599 1178 668 1253 ipse
691 1177 753 1238 sibi
776 1177 821 1237 sit
843 1180 1024 1254 paraturus,
1050 1179 1079 1237 si
1102 1179 1263 1238 obstinato
1287 1179 1389 1253 egerit

217 1292 335 1368 animo,
363 1293 543 1368 „factique”
564 1292 610 1351 ait
632 1293 685 1366 ,te
703 1291 897 1366 poenitebit,
910 1307 988 1351 nam
1008 1307 1116 1352 carere
1135 1295 1247 1352 1313311
1267 1308 1306 1352 33
1324 1308 1389 1353 non

216 1407 345 1481 poteris,
378 1406 462 1466 ultro
494 1407 534 1464 ad
558 1421 631 1465 eam
654 1405 790 1478 posthac
813 1420 969 1480 accurres,
995 1407 1067 1464 tum
1089 1406 1126 1464 13
1150 1405 1180 1465 31
1203 1405 1294 1465 dabis
1317 1422 1387 1480 sup-

216 1519 359 1594 plicium,
383 1535 448 1579 non
472 1519 528 1578 iila
549 1518 641 1578 tibi.”
665 1518 789 1592 Ergone
813 1518 1006 1578 Phaedriam
1029 1519 1114 1578 iusto
1138 1519 1245 1593 magis
1268 1519 1389 1579 iratum

217 1633 330 1691 Thaidi
361 1633 487 1707 placare
511 1633 620 1691 studet
643 1632 810 1708 Parmeno,
836 1647 970 1706 sperans
993 1631 1078 1691 inter
1101 1647 1156 1691 eos
1179 1633 1319 1706 gratiam
1342 1649 1387 1693 re-

218 1746 424 1806 conciliatum
443 1746 507 1805 iri?
526 1746 570 1805 At
589 1761 685 1805 nemo
704 1745 905 1805 Parmenone
925 1745 1056 1820 gravius
1072 1746 1187 1806 Thaidi
1199 1761 1388 1806 succensere

217 1862 332 1935 potest,
368 1875 464 1919 nemo
499 1859 606 1933 magis
641 1874 713 1919 eam
745 1859 908 1934 detestari,
941 1859 1064 1919 nemini
1094 1859 1200 1934 magis
1231 1860 1270 1918 de
1301 1859 1388 1918 111133

216 1971 349 2046 perfidia
380 1989 451 2032 esse
481 1987 682 2046 persuasum.
714 1972 851 2032 Rectam
881 1973 973 2033 nobis
996 1974 1085 2033 viam
1108 1974 1270 2033 monstrat
1293 1975 1388 2032 vetus

218 2086 408 2161 Scholiasta,
430 2086 521 2146 ouius
536 2087 616 2145 haec
629 2088 679 2145 est
691 2085 864 2152 verissima
875 2059 1191 2160 pmdentissimaque
1204 2088 1386 2146 annotatio:

353 2201 411 2276 „In
444 2201 505 2260 hac
538 2199 677 2278 προτάσει
712 2199 899 2274 exemplum
929 2200 1058 2274 ponitur
1089 2216 1186 2273 quam
1217 2217 1282 2260 non
1313 2216 1390 2260 suae

306 2315 478 2389 potestatis
502 2315 545 2374 311
565 2315 618 2387 qui
638 2316 744 2373 amat:
766 2328 864 2387 quam
884 2313 998 2389 sapiat,
1019 2314 1074 2386 qui
1094 2330 1158 2373 non
1178 2316 1268 2374 amat
1287 2330 1390 2388 neque

306 2429 400 2488 aliter
423 2429 559 2489 affectus
583 2429 664 2487 est.’'

217 2545 269 2604 lta
292 2547 358 2604 est:
383 2545 422 2604 de
443 2561 552 2605 amore
572 2559 630 2604 suo
648 2546 819 2616 tamquam
838 2543 877 2602 de
897 2558 931 2602 re
950 2543 1036 2602 seria
1054 2543 1196 2616 loquitur
1213 2542 1388 2616 Phaedria;

216 2659 256 2717 de
286 2659 479 2718 vindicanda
509 2657 641 2718 Thaidis
672 2658 789 2717 iniuria
820 2658 949 2732 cogitat,
978 2657 1053 2730 quid
1076 2657 1138 2716 sibi
1162 2657 1206 2716 311
1229 2658 1389 2731 agendum

217 2771 373 2831 deliberat
404 2771 513 2847 etiarn,
545 2773 715 2844 tamquam
746 2769 774 2828 si
804 2770 993 2844 prudentiae
1024 2770 1198 2830 consiliove
1225 2770 1315 2830 locus
1338 2770 1391 2829 hio

217 2885 270 2945 sit.
295 2886 340 2945 At
358 2886 445 2945 servi
469 2885 619 2946 allocutio
643 2885 706 2945 huc
729 2885 795 2943 1313
819 2883 918 2943 redit:
946 2883 1032 2958 ,noli
1054 2885 1389 2957 133133133331313;

218 3001 310 3059 crede
333 2999 424 3075 mihi,
450 2998 619 3074 nugatoria
641 3015 693 3058 133
717 3014 809 3058 31331
828 3000 895 3072 331;
916 2999 1005 3057 leves
1025 3000 1102 3058 sunt
1121 3014 1235 3058 omnes
1253 3000 1388 3075 puellae,

217 3117 316 3187 tuque
346 3114 476 3188 ineptus
506 3114 560 3188 qui
591 3115 696 3173 solam
727 3113 883 3173 Thaidem
913 3113 972 3172 tibi
1004 3114 1064 3172 soli
1094 3113 1161 3172 1313
1186 3116 1390 3173 constantem

217 3227 277 3287 tibi
299 3229 497 3302 promiseris
522 3227 603 3302 Quid
626 3227 860 3287 tumultuaris?
884 3226 965 3301 Quid
987 3227 1135 3286 insanis?
1155 3227 1237 3302 Quid
1255 3227 1391 3288 tristitia

217 3343 276 3401 tua
305 3356 440 3415 parvam
463 3357 534 3401 rem
557 3356 711 3414 magnam
735 3340 839 3400 facis?
863 3338 1033 3399 Conferte
1057 3341 1129 3400 alio.
1153 3339 1297 3414 Denique
1320 3356 1390 3399 rem

217 3454 325 3514 levem
348 3455 397 3514 131
419 3455 567 3514 leviter.’'

262 3569 372 3645 Neque
402 3568 511 3628 minus
541 3569 622 3628 bene
653 3583 751 3641 quam
783 3567 963 3627 Scholiasta
994 3582 1109 3626 scenae
1134 3567 1203 3627 vim
1226 3567 1391 3641 perspexit

218 3685 374 3745 Horatius
410 3688 497 3754 (narn
531 3683 700 3744 Lucretius
730 3681 783 3758 IV,
819 3682 990 3741 1177-81
1023 3683 1134 3756 paucis
1164 3683 1390 3741 tantummodo

218 3797 384 3858 vocabulis
420 3798 459 3856 ad
490 3811 564 3857 eam
594 3797 727 3872 alludit),
761 3812 857 3870 quern
888 3795 958 3854 ideo
989 3796 1215 3855 tantummodo
1247 3795 1287 3854 ad
1318 3809 1391 3853 eam

219 3928 393 3987 provocare
420 3915 457 3973 ut
480 3914 593 3974 doceat
616 3913 654 3971 de
678 3927 788 3972 amore
811 3911 914 3970 multo
938 3911 1117 3985 sapientius
1139 3909 1391 3984 pmdentiusque

220 4027 384 4102 disputare
415 4042 547 4087 servum
580 4027 783 4102 „integrum”
816 4041 913 4099 quam
940 4026 1055 4084 herum
1079 4025 1181 4084 amori
1205 4023 1389 4098 obnoxium,

220 4157 263 4200 ex
293 4142 362 4215 ipso
393 4141 513 4200 satirae
544 4141 676 4201 consilio
708 4140 849 4214 apparet.
878 4139 1008 4199 Persius
1031 4154 1107 4198 vero
1132 4127 1194 4214 (V,
1207 4138 1390 4208 ror-175)

220 4257 291 4314 tarn
314 4255 408 4329 longe
427 4255 503 4314 hino
522 4255 650 4314 aberrat
669 4255 706 4312 31
726 4269 801 4313 3331
821 4253 859 4311 de
880 4252 944 4312 alia
963 4253 1103 4326 quadam
1124 4252 1264 4326 cogitare
1284 4251 1393 4310 fabula

220 4370 404 4444 suspiceris.
430 4370 509 4445 Quid
531 4369 641 4428 enim?
661 4368 818 4427 Phaedria
838 4367 868 4426 ei
888 4370 938 4427 est
958 4367 1212 4442 Chaerestratus,
1234 4365 1392 4424 Parmeno

220 4483 340 4560 113133,
366 4484 463 4544 Thais
487 4482 629 4556 Chrysis
654 4453 782 4540 Dixeris
801 4482 930 4540 1331313
951 4496 1021 4539 3333
1042 4479 1175 4539 33111133
1195 4495 1214 4538 3
1233 4479 1391 4558 Terentio,
