3254 5274
804 673 867 734 52*

237 859 292 936 qui
326 858 502 923 Chaeream
537 876 703 934 nunquam
736 861 818 922 vidit
852 862 909 932 (sic
941 862 1028 921 enim
1058 863 1193 936 Pythias
1225 863 1345 936 credit),
1377 864 1410 922 id

237 973 366 1045 quidem
401 989 499 1033 sensu
530 989 661 1037 cassum
692 977 751 1034 est.
784 950 905 1038 Et⁸fac
935 977 982 1035 sic
1013 977 1075 1036 dici
1104 991 1216 1050 posse:
1244 979 1332 1050 ,erat
1355 947 1434 1035 ille¹

236 1102 315 1160 puer
348 1089 418 1146 tam
452 1088 614 1147 formosus
644 1090 682 1147 ut
712 1105 787 1148 eum
817 1089 926 1149 videre
956 1090 1088 1165 velles”,
1121 1091 1195 1164 quid
1227 1091 1408 1164 emphatico

236 1199 290 1259 illo
314 1203 357 1260 tu
382 1216 462 1274 opus
486 1203 561 1261 est?
583 1202 676 1262 Hanc
698 1219 839 1278 propono
863 1205 1141 1264 emendationem:

458 1316 526 1388 qui
549 1317 587 1375 tu
608 1316 746 1376 videri
769 1333 846 1376 vero
869 1317 979 1394 velles,
1005 1319 1163 1378 Phaedria

236 1429 305 1487 vel:
459 1444 577 1502 quem
604 1433 644 1490 te
667 1431 806 1494 videri
829 1447 906 1495 vero
929 1432 1039 1508 velles,
1064 1434 1231 1493 Phaedria.

237 1542 290 1600 Sic
302 1542 428 1616 egregie
441 1542 518 1603 illud
531 1544 741 1604 Phaedria
753 1561 879 1618 quoque
893 1542 1005 1622 ἠθικῶς
1019 1547 1154 1606 additur.
1170 1547 1214 1606 Of.
1226 1548 1323 1606 Andr.
1335 1547 1407 1622 702,

236 1655 291 1714 ubi
310 1656 498 1730 Pamphilus
518 1660 627 1731 rogat:
649 1659 742 1732 quis
762 1659 909 1719 videor
928 1660 948 1718 i.
963 1675 989 1718 e.
1014 1676 1086 1733 ,me
1103 1661 1226 1733 aspice:
1240 1660 1409 1719 vultumne

238 1785 296 1842 ego
319 1770 420 1830 habeo
444 1771 568 1830 fallacis
591 1773 733 1831 hominis
757 1775 790 1833 et
813 1773 1009 1848 impostoris,
1035 1790 1076 1832 an
1099 1772 1203 1832 fidelis
1227 1774 1323 1833 amici
1332 1775 1367 1832 ‘?”

284 1883 364 1957 ,Hic
386 1899 463 1942 vero
487 1886 558 1943 est”
582 1885 718 1959 Pythias
742 1886 846 1945 addit:

680 2000 793 2060 Vietus
816 2003 912 2060 vetus
935 2003 1127 2060 veternosus
1151 2017 1252 2061 senex

458 2112 569 2174 Colore
592 2114 776 2186 mustelino.

236 2225 421 2288 Admodum
440 2229 618 2288 verisimile
637 2231 687 2289 est
707 2230 790 2302 quod
811 2229 892 2288 alter
912 2229 1093 2288 Scholiasta
1112 2229 1211 2288 tradit
1223 2228 1410 2288 Terentium

234 2342 329 2417 γαλῆν
367 2342 400 2400 et
433 2341 583 2420 γαλεώτην
614 2343 805 2418 confudisse,
839 2343 943 2402 citans
974 2343 1203 2403 Menandreum
1236 2335 1321 2414 οὗτός
1352 2339 1410 2402 ἔστι

234 2452 380 2532 γαλεώτης
400 2451 503 2533 γέρων.
523 2457 614 2515 Alter
634 2456 821 2524 Terentium
842 2457 992 2532 defendit,
1015 2458 1084 2532 hoc,
1105 2461 1143 2517 ut
1161 2459 1297 2532 videtur,
1320 2475 1409 2532 argu·

234 2569 346 2627 mento
380 2570 464 2642 quod
497 2571 642 2630 Eunuchi
678 2571 732 2630 alii
766 2570 846 2632 fiant
881 2573 1031 2632 sublividi
1067 2573 1182 2641 (colore
1212 2574 1408 2648 mustelino),

235 2682 290 2740 alii
330 2683 515 2757 lentiginosi
558 2685 672 2753 (colore
711 2685 915 2756 stellioninol.
951 2686 1117 2759 Bentlejus
1152 2687 1205 2747 hic
1238 2685 1410 2759 legendum

234 2797 345 2854 censet
376 2796 516 2857 colore
547 2798 815 2858 stellionino.
849 2798 932 2858 Utut
962 2801 1021 2875 est,
1055 2800 1140 2858 hunc
1167 2801 1253 2859 certe
1277 2815 1410 2859 versum

234 2910 274 2969 ad
297 2911 432 2970 verbum
456 2927 474 2970 e
498 2912 618 2974 Graeco
641 2913 809 2972 transtulit
832 2913 1011 2973 Terentius.
1273 2893 1276 2898 ¹

278 3024 450 3084 Exclamat
472 3025 629 3094 Phaedria
654 3027 728 3096 (689
753 3031 830 3099 sq.):

698 3141 792 3216 Hem,
819 3157 899 3214 quae
924 3142 1003 3208 haec
1026 3144 1077 3201 est
1099 3142 1233 3202 fabula?

367 3253 412 3314 Eo
435 3253 560 3327 rediges
583 3269 645 3328 me,
671 3254 804 3326 utquid
828 3254 949 3327 egerim
973 3257 1102 3326 egomet
1125 3255 1279 3314 nesciam.

279 3367 340 3427 Hic
359 3383 484 3441 quoquo
504 3368 595 3432 hem
615 3384 749 3441 gravem
769 3369 940 3441 emphasin
959 3368 1073 3428 habet:
1095 3372 1145 3429 est
1165 3370 1253 3428 enim
1268 3371 1410 3443 graviter

234 3481 440 3554 indignantis
458 3475 478 3550 ¹)
510 3482 571 3540 Pro
602 3481 700 3554 quid
732 3482 890 3555 egerim
921 3481 1086 3554 Bentlejus
1116 3483 1282 3557 proposuit
1313 3485 1409 3556 quid

236 3681 477 3688 ——-...--—.

262 3823 278 3874 ¹)
293 3821 400 3874 Belgica:
415 3821 483 3876 ,Wel
498 3820 681 3875 allemachtig.”
697 3821 758 3865 Cum
773 3820 887 3865 omniurn
900 3821 1015 3864 brevium
1028 3820 1181 3874 vocularum,
1194 3821 1249 3865 turn
1261 3821 1408 3875 pracsertim

234 3899 415 3943 interiectionis
428 3899 497 3942 hem
512 3902 628 3943 accurate
640 3899 765 3944 rationem
778 3910 834 3944 esse
847 3897 988 3942 habendam
1001 3897 1024 3942 ei
1036 3899 1078 3950 qui
1091 3899 1235 3943 Terentium
1246 3899 1322 3953 probe
1333 3900 1410 3944 vellet

234 3975 349 4030 intelligi,
362 3977 585 4030 persuasissimum
601 3977 758 4022 scholiastae
772 3977 828 4032 init,
843 3976 946 4029 ideoque
960 3976 1057 4020 nullum
1072 3987 1181 4031 versum,
1196 3977 1239 4021 ubi
1253 3977 1298 4020 illa
1311 3976 1411 4033 legitur,

233 4054 288 4098 sine
309 4055 472 4100 annotatione
491 4055 670 4110 praetermisit
691 4056 738 4099 Sed
756 4066 881 4108 nusquam
901 4054 992 4098 mellus
1011 4065 1074 4106 quae
1094 4054 1148 4099 eius
1167 4055 1209 4098 vis
1226 4056 1295 4100 esset
1312 4056 1409 4100 demon·

234 4133 327 4178 stravit
339 4143 415 4186 qnam
427 4134 459 4177 ad
471 4135 548 4178 Andr.
562 4134 611 4190 1,2,
622 4135 655 4189 13,
670 4133 713 4178 uhi
720 4133 790 4178 dicit:
801 4135 897 4189 ,Hem:
906 4144 972 4176 nunc
984 4133 1056 4185 quasi
1064 4132 1184 4186 correptio
1192 4133 1273 4178 totius
1281 4135 1409 4188 eorporis?

260 4211 344 4255 Unum
363 4213 519 4265 alterumque
539 4212 648 4258 Terentii
661 4213 743 4256 locum
759 4223 815 4257 esse
828 4211 871 4256 ubi
885 4211 953 4256 hem
966 4220 1015 4254 non
1028 4211 1122 4254 habeat
1133 4211 1265 4265 emphasin
1276 4211 1347 4256 illam
1358 4223 1409 4256 non

232 4299 302 4342 nego.
317 4289 470 4345 Quapropter
482 4301 514 4336 ne
527 4291 575 4336 hcc
590 4290 690 4343 quidem
704 4290 881 4346 negligendum
902 4289 989 4343 opinor
1002 4288 1066 4340 quod
1079 4288 1111 4334 ad
1121 4289 1183 4334 Eun.
1194 4289 1226 4344 II,
1238 4290 1258 4344 8,
1270 4291 1296 4332 15
1306 4290 1408 4345 legitur:

234 4367 330 4420 „Hemt
353 4368 375 4412 si
397 4380 454 4414 curn
474 4369 506 4423 H,
528 4369 657 4424 Parmeno,
681 4369 703 4412 si
723 4368 814 4412 leniter
836 4368 966 4412 Chaerea.”
986 4367 1041 4410 Non
1063 4366 1128 4419 quod
1149 4365 1252 4412 dubium
1270 4379 1326 4412 esse
1339 4353 1408 4411 ¹mihi

233 4445 349 4490 videatur
369 4447 420 4490 utri
441 4446 487 4489 hoc
505 4445 558 4490 loco
580 4447 662 4491 danda
681 4448 716 4492 eit
735 4446 875 4491 interiectio
890 4451 922 4498 (v.
936 4445 1003 4490 enirn
1018 4455 1082 4497 quae
1095 4446 1126 4488 ad
1141 4455 1198 4489 eum
1213 4445 1409 4500 annotavimus),

233 4523 276 4567 sed
285 4525 420 4570 omninoin
428 4523 573 4577 quotidiano
581 4535 694 4569 sermone
702 4526 810 4570 multum
819 4521 1319 4572 interfuisseinterhemetemlubenter
1327 4523 1404 4568 credo.
