3254 5274
556 1042 664 1101 Acrus
687 1041 716 1099 V
740 1042 847 1102 Souna
873 1045 900 1102 1.

186 1304 284 1362 Thais
310 1303 416 1377 prodit
440 1319 514 1364 cum
537 1305 695 1378 Pythiade
719 1305 947 1379 expostulans:
972 1305 1052 1364 haec
1076 1307 1163 1365 enim
1187 1307 1217 1366 ei
1240 1307 1315 1381 quid

144 1419 275 1478 absente
306 1435 344 1478 ea
374 1420 462 1479 domi
484 1420 608 1480 factum
631 1421 676 1480 sit
698 1421 851 1495 narravit,
876 1420 929 1479 vel
952 1421 1061 1494 potius
1082 1437 1139 1495 per
1162 1423 1315 1495 ambages

144 1533 304 1608 indicavit,
326 1534 599 1612 quemadmodum
618 1549 667 1593 vs.
689 1535 752 1593 723
773 1549 793 1593 a
811 1532 947 1592 Doriadc
967 1533 1092 1592 monita
1112 1536 1190 1594 erat.
1210 1535 1316 1595 Verba

144 1647 210 1705 eius
229 1647 450 1706 subsannicns
474 1647 572 1706 Thais
592 1648 709 1721 repetit
732 1651 790 1716 (vs.
816 1647 880 1706 818
905 1651 1006 1721 scol:

363 1774 444 1849 Scio,
469 1775 587 1849 nescio,
613 1773 700 1849 abiit,
726 1774 844 1849 audivi,
870 1789 928 1848 ego
951 1790 1015 1833 non
1039 1775 1136 1834 adfui.

362 1886 460 1961 Virgo
485 1887 648 1946 conscissa
671 1889 762 1946 veste
785 1887 971 1946 lacrumans
994 1887 1131 1961 obticet;

362 2000 536 2059 Eunuchus
560 1999 648 2059 abiit.
1139 2001 1142 2007 ’

143 2123 178 2182 ln
212 2126 328 2199 quibus
358 2141 460 2184 unum
491 2128 603 2185 tamen
634 2128 704 2184 erat
734 2127 817 2199 quod
850 2127 1029 2186 cuiusmodi
1060 2143 1112 2186 res
1145 2129 1316 2189 accidisset

144 2239 221 2297 satis
241 2240 389 2298 redderet
407 2240 622 2314 perspicuum.
644 2239 838 2299 Rectissime
859 2241 947 2299 enim
967 2242 1007 2300 ad
1022 2257 1136 2301 vocem
1153 2242 1316 2302 obticet

144 2352 322 2413 Scholiasta
345 2355 496 2413 annotat:
520 2353 742 2429 „Tacemus
763 2354 905 2430 consilia,
927 2355 1159 2415 reticemus
1180 2357 1313 2432 dolores,

143 2467 380 2527 obticemus
404 2484 541 2542 quorum
565 2484 624 2527 nos
647 2469 777 2541 pudet.'’

187 2581 278 2654 „Non
312 2581 418 2642 fuerat
448 2582 622 2641 Eunuchus
653 2582 706 2640 ille
738 2598 843 2657 verus,
876 2584 933 2642 sed
965 2581 1108 2642 Chaerea
1139 2584 1315 2644 Phaedriae

141 2693 237 2754 irater
269 2695 356 2754 illius
385 2698 477 2755 veste
508 2697 639 2769 sumpta
670 2696 731 2754 sibi
766 2697 805 2755 ad
837 2696 996 2769 virginem
1018 2698 1142 2757 aditum
1166 2699 1314 2772 paravit'’

141 2807 220 2867 hanc
245 2809 481 2868 confessionem
504 2811 562 2868 vix
585 2809 735 2882 Pythiadi
759 2812 947 2885 extorquet3
974 2812 1006 2868 et
1026 2811 1144 2870 iterum
1165 2812 1243 2870 hera
1263 2812 1314 2870 his

141 2922 246 2981 verbis
270 2939 344 2982 eam
368 2923 558 2997 corripiente
583 2927 641 2992 (vs.
669 2924 732 2981 829
757 2927 833 2996 sql:

723 3049 802 3123 Quid
827 3048 884 3124 aie,
911 3049 1093 3123 sacrilega?

323 3163 465 3223 Istucine
489 3163 698 3222 interminata
721 3178 796 3221 sum
820 3163 895 3222 hinc
919 3164 1029 3223 abiens
1053 3163 1136 3222 tibi?

142 3289 312 3362 respondet
335 3289 490 3362 Pythias:

318 3415 398 3489 Quid
420 3416 586 3474 facerem?
609 3417 656 3475 ita
680 3418 715 3474 ut
738 3417 824 3491 iusti,
850 3416 911 3475 soli
937 3416 1099 3475 creditast.

141 3542 244 3616 Atque
269 3542 369 3601 Thais

407 3668 550 3727 Scelesta
573 3684 669 3728 ovem
691 3669 765 3742 lupo
794 3667 969 3728 commisti.

181 3793 277 3854 Haud
319 3794 413 3853 dubie
455 3795 560 3867 ipsam
603 3794 744 3854 Terentii
786 3809 921 3854 manum
963 3794 1107 3853 restituit
1149 3794 1315 3867 Bentlejus

140 3907 333 3966 commisi
362 3907 496 3981 legendo
528 3923 584 3981 pro
617 3907 842 3967 commisti.
877 3907 1156 3982 Quemadmodum
1187 3907 1316 3966 enimc

140 4021 349 4094 sequentibus
380 4024 521 4097 apparet,
554 4020 652 4081 finem
676 4021 728 4080 hic
752 4022 818 4080 iam
842 4021 940 4080 Thais
964 4021 1042 4080 facit
1065 4020 1098 4079 in
1121 4021 1314 4092 Pythiadem

140 4132 311 4194 invehendi
343 4136 376 4193 et
398 4150 572 4208 agnoscere
596 4134 708 4209 incipit
731 4150 767 4194 se
791 4135 929 4194 stultam
952 4134 1062 4209 luisse,
1089 4149 1169 4206 quae
1193 4133 1315 4208 imponi

141 4247 199 4306 sibi
222 4263 321 4323 passa
343 4247 396 4307 sit.
420 4249 461 4307 Et
484 4250 534 4307 est
553 4248 632 4307 illud
651 4249 842 4307 scelesta
862 4250 967 4307 semet
988 4263 1062 4306 cum
1081 4247 1313 4306 lamentatione

142 4360 329 4420 incusantis.
355 4359 400 4421 Of.
426 4360 543 4420 Heaut.
569 4361 650 4420 970:
1348 4348 1351 4353 ’

248 4488 403 4562 Disperii:
429 4489 586 4548 scelestus
610 4491 748 4561 quantas
772 4489 883 4548 turbas
908 4489 1031 4548 concivi
1056 4489 1212 4547 insciens!

1196 4596 1209 4636 5
