3254 5274
760 651 800 708 23

194 853 251 912 pas
282 839 453 912 possible.’‘
485 838 578 898 Certe
609 840 687 898 haec
719 838 880 896 sententia
911 837 1081 911 aptissima
1103 836 1178 896 huic
1200 837 1269 896 loco
1294 838 1361 909 est;

194 952 249 1010 sed
287 967 400 1012 vereor
435 954 472 1011 ut
506 968 547 1012 ex
583 951 691 1010 verbis
725 951 852 1010 traditis
887 949 959 1011 elici
993 952 1048 1011 illa
1082 951 1193 1027 possit,
1229 951 1364 1025 vitiique

194 1064 312 1138 aliquid
335 1068 436 1126 latere
460 1067 512 1126 hic
534 1068 688 1141 suspicor.

191 1225 193 1230 .
236 1179 379 1240 Tandem
412 1181 581 1254 aliquando
612 1183 686 1257 post
716 1183 848 1260 longum
876 1182 937 1241 hoc
960 1179 1166 1254 soliloquium
1189 1180 1218 1239 si
1259 1181 1364 1240 semet

194 1293 299 1366 ipsum
323 1293 506 1369 interpellat
530 1294 656 1354 Gnatho
681 1298 739 1364 (vs.
766 1296 828 1355 265
853 1299 950 1369 sqq.):

927 1409 988 1467 Sed
1012 1423 1070 1482 ego
1095 1422 1185 1467 cesso

259 1520 309 1579 Ad
332 1521 488 1581 Thaidem
512 1523 596 1582 hanc
619 1522 774 1583 deducere
798 1524 831 1582 et
853 1538 966 1596 rogare
990 1523 1030 1581 ad
1054 1537 1168 1581 cenam
1187 1523 1224 1580 ut
1242 1521 1362 1582 veniat.

259 1634 320 1692 Sed
343 1635 579 1695 Parmenonem
603 1638 678 1695 ante
702 1636 823 1695 ostium
847 1635 978 1694 Thaidis
1001 1636 1131 1695 tristem
1156 1635 1249 1694 video

257 1747 381 1807 Rivalis
401 1763 550 1807 servum:
572 1748 664 1808 salva
676 1764 728 1808 res
741 1750 808 1808 est:
822 1749 978 1807 nimirum
989 1749 1061 1808 hice
1073 1749 1222 1808 homines
1233 1748 1361 1821 frigent.

234 1861 288 1920 Vs.
311 1863 373 1922 267
395 1878 549 1922 mancum
570 1878 641 1922 esse
658 1863 871 1936 claudumque
891 1878 977 1922 nunc
996 1862 1103 1921 sciunt
1123 1877 1245 1921 omnes.
1263 1860 1363 1920 Morbi

191 1975 300 2033 sedem
331 1977 363 2034 et
394 1976 552 2050 originem
582 1976 707 2051 primus
738 1975 904 2050 Bentlejus
934 1975 1109 2050 perspexit.
1138 1975 1266 2035 Etenim
1290 1976 1363 2049 post

191 2087 268 2147 iliud
299 2089 345 2148 ad
377 2089 577 2150 Thaidem
610 2091 765 2150 iteratum
796 2090 927 2150 Thaidis
959 2105 1077 2150 nomen
1103 2090 1161 2148 vix
1185 2091 1218 2149 et
1241 2105 1281 2148 ne
1305 2088 1363 2147 vix

191 2201 319 2274 quidem
342 2203 418 2262 ferri
441 2205 559 2277 potest.
584 2203 825 2263 Venustissima
846 2205 956 2263 autem
981 2205 1031 2262 est
1053 2202 1192 2276 BentleJi
1214 2201 1327 2263 lectio:

278 2316 339 2374 Sed
362 2317 599 2377 Parmenonem
623 2319 697 2377 ante
722 2317 843 2377 ostium
866 2317 1003 2392 opperiri
1026 2316 1156 2376 tristem
1179 2317 1282 2376 video.

191 2428 292 2502 Quam
324 2431 434 2504 quidni
465 2431 498 2489 in
528 2433 658 2490 textum
689 2432 908 2508 recipiamus?
935 2431 1064 2490 Etenim
1087 2430 1164 2504 quin
1188 2430 1362 2505 repetitum

191 2541 321 2602 Thaidis
355 2559 474 2603 nomen
509 2543 650 2618 aliquem
681 2543 880 2605 infinitivum
911 2561 970 2604 suo
1001 2544 1070 2604 loco
1103 2544 1260 2618 depulerit
1291 2544 1362 2616 quis

190 2655 334 2716 dubitare
365 2659 496 2732 potest?
527 2659 567 2717 Et
598 2658 718 2718 iniusto
748 2674 934 2733 possessore
963 2658 1085 2718 deiecto
1109 2658 1184 2730 quid
1208 2658 1277 2716 tam
1302 2656 1360 2716 ele·

153 2792 156 2796 ²
188 2771 301 2842 ganter
324 2771 431 2830 locum
454 2787 595 2831 vacuum
618 2772 732 2846 implet
756 2789 853 2846 quarn
866 2772 985 2860 ‘ipsum
1008 2770 1087 2830 illud
1111 2769 1324 2845 opperiri?
1345 2805 1348 2811 ·

231 2884 372 2943 Tristem
404 2896 484 2944 esse·
499 2885 735 2946 Parmenonem
759 2902 839 2946 mox
863 2886 1008 2959 agnoscit
1032 2884 1158 2944 Gnatho
1183 2885 1215 2943 et
1239 2899 1294 2942 cur
1317 2883 1362 2942 sit

188 2998 285 3057 simul
319 3000 480 3073 perspicit.
516 3000 699 3074 Alloquitur
734 3017 809 3074 ergo
845 3001 1020 3075 hominem,
1057 2999 1202 3072 deridet.
1224 2997 1360 3057 ludibrio

186 3114 292 3173 habet.
326 3113 374 3172 Ex
406 3113 571 3189 colloquio,
604 3115 686 3186 quod
717 3114 801 3173 inter
832 3129 888 3173 eos
914 3111 960 3188 fit,
985 3127 1087 3187 pauca
1110 3112 1268 3184 quaedam
1291 3125 1360 3184 pro-

188 3227 316 3286 traham
340 3241 430 3301 quae,
455 3227 575 3300 partim
600 3225 798 3287 scholiastae
822 3242 889 3303 ope,
915 3226 1085 3286 illustrem.

230 3356 278 3400 vs.
303 3341 366 3399 273
387 3355 434 3413 sq.
456 3340 582 3400 Gnatho
602 3343 710 3415 rogat:
732 3341 827 3416 „quid
839 3341 897 3400 tibi
911 3341 1038 3400 videtur
1050 3340 1111 3399 hoc
1122 3339 1359 3412 mancipium?''

186 3453 248 3512 Hic
277 3455 536 3530 mancipium
567 3451 723 3535 εἰρὼνικῶς
757 3457 879 3517 dictum
911 3459 979 3516 est:
1004 3456 1145 3530 loquitur
1168 3456 1255 3515 enim
1278 3455 1358 3513 tam-

187 3582 284 3640 quam
308 3569 347 3627 de
371 3568 488 3628 ancilla
511 3568 577 3628 vili.

230 3697 278 3740 vs
306 3682 386 3740 274:

368 3795 479 3870 „Nunc
502 3795 670 3869 gloriaris’
695 3798 853 3858 Parmeno
878 3798 933 3858 ait.
961 3798 1050 3874 „Scis
1074 3799 1161 3858 enim

230 3924 277 3967 vs.
306 3909 387 3968 276:

252 4022 379 4082 Eiectos
403 4022 478 4083 hinc
500 4039 569 4099 nos,
595 4024 741 4084 omnium
764 4040 882 4100 rerum,
908 4025 998 4100 heuS,
1023 4025 1212 4084 vicissitudo
1236 4025 1317 4082 est.”

188 4135 449 4195 interiectionem
472 4137 575 4196 heus
595 4138 803 4210 praemittere
824 4140 874 4196 est
894 4137 1091 4197 sententiam
1110 4119 1357 4209 pronuntiaturi.
1380 4202 1383 4206 p

188 4247 350 4308 Admonet
373 4250 425 4308 hic
448 4265 507 4308 nos
532 4250 712 4310 Scholiasta
735 4266 833 4322 quarn
857 4252 937 4310 hene
961 4251 1119 4308 Parmeno
1142 4264 1201 4308 suo
1224 4264 1358 4308 munere

186 4362 340 4436 iungatur
371 4361 565 4436 Thaidisque
597 4363 767 4422 consilium
792 4363 882 4422 celet.
908 4363 1028 4423 Eodem
1051 4361 1190 4436 pertinet
1214 4361 1358 4422 eiusdem

190 4474 354 4534 annotatio
378 4475 419 4534 ad
442 4491 490 4535 vs.
516 4476 588 4552 282,
614 4476 669 4535 ubi
690 4476 866 4536 Parmeno:
