3230 5260
818 628 881 688 104

265 820 448 894 insculpens
479 818 622 893 digitulo,
656 819 715 877 hos
746 817 895 877 Terentio
926 818 1148 890 pronuntiavit
1167 834 1298 878 versus:
1324 818 1439 891 quibus

265 934 384 994 auditis
416 933 649 993 exclamaverit
679 935 783 1007 poeta,
816 947 852 991 se
878 933 979 991 talem
1004 947 1078 992 cum
1102 932 1255 992 scriberet
1279 933 1440 1006 cogitasse

265 1047 454 1123 parasitum,
488 1050 521 1107 et
551 1063 593 1106 ex
624 1046 852 1121 indignatione,
885 1046 967 1119 quod
992 1062 1067 1106 eum
1091 1048 1240 1106 saturum
1263 1048 1441 1120 potumque

266 1161 529 1237 deprehenderat,
554 1160 706 1220 delinitus
730 1160 845 1218 statim
869 1160 944 1218 sit.”

265 1276 306 1335 Et
329 1276 369 1335 ad
392 1291 440 1334 vs.
466 1275 547 1334 321:

276 1465 277 1470 ἵ
333 1388 416 1449 (ledo
436 1403 566 1446 senem:
588 1387 655 1445 iam
674 1387 834 1445 instructa
850 1388 927 1445 sunt
939 1387 986 1444 mi
998 1386 1031 1444 in
1044 1388 1138 1447 corde
1151 1387 1286 1447 consilia
1297 1388 1418 1462 omnia,

205 1500 213 1516 ¹
266 1519 328 1576 quo
347 1501 499 1561 Phormio
520 1500 662 1560 declarat
680 1501 860 1574 repperisse
880 1515 916 1559 se
936 1500 1055 1576 dolum,
1077 1516 1138 1574 quo
1159 1516 1271 1560 senem
1291 1501 1439 1576 decipiat,

267 1618 353 1677 idem
378 1616 529 1675 annotat:

314 1730 395 1805 „Hic
425 1730 480 1789 alii
510 1729 695 1788 excussisse
724 1730 888 1802 torporem
919 1729 1026 1787 somni
1056 1729 1213 1789 inducunt
1242 1730 1440 1804 parasitum3

267 1844 322 1904 alii
341 1843 569 1917 transglutisse
590 1843 673 1916 quod
693 1843 726 1900 in
746 1857 799 1902 ore
819 1841 1003 1917 mandebat,
1025 1843 1118 1915 quasi
1137 1843 1198 1902 hoc
1216 1859 1328 1903 morae
1344 1844 1442 1903 fuerit

266 1958 306 2018 ad
330 1958 525 2017 vincendum
549 1957 694 2016 senem.’'

311 2070 370 2130 Oui
392 2086 457 2130 non
479 2070 532 2129 hic
554 2070 746 2129 vernaculae
770 2070 938 2130 cuiusdam
958 2069 1085 2129 fabulae
1108 2071 1142 2129 in
1162 2073 1308 2130 mentem
1327 2073 1442 2131 venit?

266 2185 323 2244 Vir
346 2184 477 2257 quidam
500 2183 618 2259 gravis
644 2185 744 2242 tenax
764 2183 977 2259 antiquitatis
999 2184 1032 2242 111
1051 2184 1214 2258 republica
1233 2185 1443 2259 optimatium

266 2299 381 2358 favens
410 2292 565 2373 partibus,
598 2298 758 2358 rusticum
788 2298 870 2357 satis
900 2297 1042 2372 lepidum
1074 2298 1113 2357 ad
1137 2313 1232 2358 suam
1256 2301 1443 2373 pertrahere

267 2413 401 2471 conatur
434 2412 642 2472 sententiam.
681 2412 818 2486 „Vides”
855 2413 901 2471 ait
934 2427 1035 2486 ,quae
1066 2413 1110 2472 sit
1139 2412 1295 2472 hodierna
1324 2413 1444 2473 levitas

267 2527 364 2598 atque
395 2525 474 2585 adeo
505 2525 667 2599 impietas
699 2527 770 2585 Iam
801 2526 835 2584 in
864 2526 939 2586 ludo
970 2527 1112 2586 literario
1143 2526 1199 2585 illa
1227 2527 1443 2601 conspicitur;

265 2639 357 2698 liberi
388 2640 436 2698 tui
467 2638 581 2697 insana
609 2640 684 2714 ista,
710 2626 812 2712 quam'
832 2655 918 2699 nunc
940 2639 1037 2699 multi
1060 2640 1271 2716 admirantur,
1297 2641 1445 2701 doctrina

267 2768 286 2812 a
306 2768 382 2812 vero
401 2752 460 2811 Dei
480 2753 569 2812 cultu
589 2753 798 2829 abducuntur,
820 2755 971 2827 parentes
984 2769 1061 2814 suos
1074 2756 1281 2814 contemnere
1294 2757 1326 2814 et
1338 2755 1445 2814 ridere

267 2867 404 2942 discunt,
437 2867 626 2941 religionem
650 2846 849 2942 negligunt.”
873 2869 958 2927 Dum
982 2868 1062 2927 haec
1085 2867 1257 2942 magnifice
1280 2868 1446 2929 declamat

265 2980 328 3055 ille,
364 2981 506 3040 rusticus
541 2981 640 3040 offam
670 2981 763 3054 panis
794 2982 881 3041 lente
912 2982 1112 3041 manducans
1136 2982 1313 3042 identidem
1338 2983 1445 3057 capite

267 3095 396 3168 abnuit;
425 3096 650 3155 stomachatur
673 3096 803 3170 sapiens
826 3098 942 3171 orator,
968 3097 1080 3170 negari
1102 3096 1217 3155 videns
1240 3112 1322 3170 quae
1350 3099 1446 3157 tanta

266 3209 420 3269 orationis
444 3210 604 3283 gravitate
628 3209 797 3286 declamet,
822 3210 917 3282 idque
940 3211 979 3269 ab
1005 3225 1041 3270 eo
1063 3211 1101 3269 de
1121 3226 1183 3283 quc
1203 3210 1341 3270 minime
1361 3213 1444 3272 eius-

266 3322 355 3382 modi
385 3322 505 3396 aliquid
537 3323 792 3399 exspectaverit,
823 3340 938 3384 vocem
962 3324 1109 3400 intendit,
1134 3325 1284 3384 tandem:
1312 3325 1446 3398 ,quidni

266 3451 344 3496 vera
370 3436 429 3496 tibi
452 3437 611 3513 videntur,
637 3453 719 3510 quae
743 3438 857 3497 dico?”
883 3439 1012 3498 clamat.
1038 3438 1100 3496 Hic
1122 3438 1273 3512 rusticus,
1299 3438 1354 3511 qui
1374 3440 1446 3498 tan-

267 3551 342 3609 dem
373 3550 543 3622 aliquando
574 3567 692 3624 panem
723 3567 820 3611 suurn
851 3551 1061 3626 transglutiit,
1091 3553 1169 3610 dum
1192 3553 1302 3612 sinum
1325 3557 1447 3628 purgat

265 3663 360 3723 micis
384 3679 465 3736 quae
485 3664 682 3724 inciderunt:
707 3666 802 3741 ,quia
821 3682 885 3725 non
905 3666 1007 3725 habeo
1026 3665 1165 3725 libercs”
1186 3667 1368 3739 respondet.
1393 3668 1447 3728 Sic

265 3781 352 3838 certe
383 3777 467 3836 hanc
497 3779 623 3852 partem
655 3779 694 3837 ab
718 3779 840 3853 optimo
864 3778 986 3838 artifice
1011 3779 1063 3854 agi
1086 3780 1237 3840 vidimus.
1264 3779 1341 3854 Quis
1365 3797 1446 3844 vero

264 3894 303 3953 de
337 3893 398 3953 hoc
429 3891 564 3970 artificio
595 3894 704 3952 tacere
733 3893 845 3968 possit,
879 3893 933 3966 qui
957 3894 1047 3953 illam
1070 3894 1214 3954 fabulam
1237 3897 1446 3968 posterorum

265 4024 364 4068 causa
383 4007 646 4067 annotationibus
666 4023 780 4067 revera
799 4008 932 4067 utilibus
952 4009 1147 4068 instructam
1166 4009 1200 4068 in
1219 4009 1326 4068 lucem
1348 4010 1446 4072 edere

236 4122 367 4181 .velit?
401 4121 485 4180 Nam
516 4136 629 4180 revera
659 4121 756 4180 utiles
791 4122 831 4181 ad
862 4121 1005 4194 aliquam
1035 4122 1180 4182 fabulam
1214 4123 1446 4185 annotationes

198 4307 200 4310 Ι
263 4235 338 4295 illae
369 4236 501 4294 demum
533 4236 609 4294 sunt
640 4250 722 4307 quae
753 4235 793 4294 ad
816 4251 886 4294 rem
909 4235 1073 4295 scenicam
1096 4235 1267 4312 pertinent,
1293 4236 1446 4297 otiliam

264 4348 445 4409 Scholiasta
472 4351 583 4409 noster
606 4363 734 4423 semper
757 4350 871 4408 habuit
894 4352 969 4409 ante
993 4350 1112 4409 oculos.
1137 4351 1209 4408 Huc
1233 4365 1348 4410 omnes
1373 4353 1446 4412 eius

264 4463 491 4523 annotationes
514 4465 593 4523 sunt
615 4463 809 4524 referendae.
834 4463 963 4524 Etenim
987 4462 1025 4539 si,
1050 4466 1087 4523 ut
1106 4463 1167 4523 hoc
1187 4463 1336 4540 exemplo
1357 4467 1444 4544 utar,
