3254 5274
816 677 856 734 28

246 850 433 917 'Hctudwzo
464 841 525 919 ’1116
563 862 733 921 vocativus
771 863 973 922 Parmeno
1004 863 1196 922 interiicitur
1226 863 1265 922 ab
1297 878 1334 922 66
1366 863 1419 940 qui

249 973 310 1031 sihi
334 974 497 1047 egregiam
521 976 682 1048 quandam
706 977 901 1050 sapientiam
923 977 1063 1050 proferre
1087 977 1243 1036 videatur.

293 1102 342 1146 vs.
367 1088 530 1148 335—42.
555 1090 687 1164 Ineptus
706 1091 760 1149 ille
783 1106 884 1149 senex
903 1091 970 1150 iam
989 1106 1031 1150 ex
1049 1091 1222 1164 longinquo
1242 1089 1419 1150 Chaeream

249 1202 434 1276 retinuerat,
468 1204 581 1262 deinde
612 1219 692 1277 quae
720 1205 853 1264 dicenda
876 1206 969 1263 erant
992 1219 1089 1277 quam
1112 1204 1269 1263 maximis
1293 1203 1419 1262 dixerat

249 1315 448 1389 ambagibus.
481 1316 616 1376 Balbam
647 1317 716 1376 6166
746 1316 977 1390 loquacitatem
1008 1317 1111 1390 lepide
1142 1315 1284 1376 Chaerea
1303 1317 1417 1390 reiert;

251 1429 403 1503 „tandem
426 1430 526 1490 abeo''
550 1431 654 1503 inquit

642 1559 739 1617 quom
762 1545 825 1603 huc
847 1544 983 1618 respicio
1007 1545 1047 1604 ad
1069 1543 1238 1619 virginem,

427 1655 486 1715 iila
509 1671 582 1716 6666
605 1658 729 1717 1616166
752 1657 959 1716 commodum
982 1657 1045 1717 huc
1068 1658 1253 1716 adverterat

427 1769 464 1828 In
487 1771 571 1830 hanc
593 1772 739 1831 nostram
763 1771 914 1844 plateam.

248 1883 310 1942 Hic
333 1899 457 1957 quoque
480 1884 513 1943 in
536 1885 643 1944 verbis
670 1885 837 1944 1616166
865 1885 1122 1945 commodum
1150 1885 1419 1959 deprehendimus

247 1997 430 2056 ubertatem
462 1998 552 2057 illam
582 1985 770 2057 verborum
786 1999 911 2058 intimis
935 1999 1056 2058 mentis
1080 1999 1328 2072 cogitationibus
1351 2014 1418 2073 pro·

248 2113 387 2172 ferendis
411 2112 626 2187 aptissimam,
652 2113 691 2171 de
714 2127 777 2186 qua
803 2112 865 2172 alio
889 2113 958 2172 loco
982 2113 1085 2172 fusius
1109 2127 1224 2171 661666
1248 2112 1373 2171 dicturi.

292 2227 460 2302 Parmeno
497 2226 535 2286 de
569 2226 705 2300 virginis
740 2242 759 2285 a
794 2225 936 2286 Chaerea
966 2229 1036 2286 tam
1066 2226 1216 2286 laudatae
1247 2227 1419 2285 comitibus

249 2341 381 2399 edoctus
404 2342 438 2400 61
460 2355 523 2413 qua
545 2341 599 2399 via
622 2341 719 2400 ierint
742 2341 878 2416 cognito,
903 2356 982 2400 mox
1006 2341 1097 2400 illam
1120 2341 1226 2414 ipsam
1250 2354 1322 2399 6666
1347 2355 1420 2399 66111

248 2454 401 2528 intelligit
431 2469 512 2526 quae
543 2453 639 2512 modo
670 2469 689 2513 a
716 2453 884 2513 Gnathone
907 2455 1022 2513 militis
1046 2454 1176 2514 nomine
1200 2454 1240 2512 ad
1263 2453 1420 2513 Thaidem

248 2569 292 2627 611
314 2568 505 2627 1611666616.
531 2567 680 2640 Sequitur
703 2568 793 2627 locus
811 2569 1122 2642 praestantissimae,
1145 2567 1198 2640 qui
1218 2567 1334 2626 ceteris
1354 2582 1418 2626 om-

248 2681 342 2739 nibus
365 2681 483 2740 melius
506 2681 618 2740 doceat
641 2683 781 2754 quantus
804 2682 848 2740 sit
871 2682 989 2740 artifex
1011 2683 1107 2756 66616
1129 2682 1248 2740 666161.
1273 2680 1420 2740 Profecto

248 2796 414 2869 egregium
437 2796 490 2855 hic
512 2795 610 2855 habet
633 2793 820 2869 exemplum
845 2796 899 2868 qui
922 2795 1063 2855 Terentii
1086 2796 1158 2854 vult
1180 2795 1311 2854 laudare
1331 2809 1419 2855 oeco-

248 2911 410 2983 nomiam;
435 2910 586 2985 Terentii,
612 2911 671 2985 aio,
697 2925 774 2969 nam
798 2925 863 2968 non
886 2910 979 2969 credo
1002 2910 1083 2968 haec
1106 2909 1216 2968 omnia
1238 2909 1338 2968 sicin
1358 2908 1419 2967 Μ6-

248 3024 362 3084 nandri
381 3024 490 3084 sabula
508 3025 618 3099 fuisse,
641 3025 673 3083 et
693 3039 749 3083 cur
768 3039 832 3083 non
852 3023 1420 3082 6161616116111611116616.11666161

248 3139 446 3198 Scholiasta:
481 3139 573 3215 „vide
602 3154 699 3212 quam
722 3137 1014 3198 166111161616166
1038 3137 1203 3196 intellectu
1228 3137 1420 3210 spectatoris

248 3255 288 3313 ad
312 3254 496 3327 argumenti
515 3253 654 3327 spectati
673 3252 818 3312 ordinem
838 3253 933 3326 poeta
952 3251 1129 3326 perveniat,
1151 3252 1188 3309 ut
1208 3250 1246 3309 de
1266 3249 1419 3309 Eunucho

126 3383 128 3389 ⁴
247 3367 334 3426 facta
364 3367 530 3426 mentione
561 3367 732 3426 consilium
762 3367 916 3424 nascatur
940 3364 1139 3440 supponendi
1163 3362 1355 3424 Chaereae.”
1380 3364 1420 3422 111

248 3481 401 3554 permulti
432 3482 509 3539 sunt
539 3480 609 3555 loci,
642 3479 696 3539 ubi
727 3480 774 3538 sic
806 3478 986 3538 Scholiasta
1009 3480 1177 3552 6661616
1200 3478 1252 3536 vel
1276 3477 1418 3536 Teren-

247 3594 354 3653 tium
376 3594 503 3666 laudat;
527 3608 592 3652 non
615 3593 675 3652 hoc
697 3592 826 3668 faceret,
852 3593 881 3651 si
900 3592 972 3651 illos
991 3592 1088 3667 16666,
1109 3592 1245 3650 verbum
1264 3591 1303 3650 de
1322 3591 1419 3651 verbo

248 3722 449 3782 expressum,
482 3723 499 3766 e
530 3706 702 3766 Menandro
734 3707 795 3776 (vel
823 3706 1024 3780 Apollodoro)
1049 3705 1225 3764 translatos
1248 3705 1362 3778 sciret3
1387 3707 1420 3764 et

248 3837 347 3894 quam
382 3822 530 3880 accurate
564 3820 618 3878 ille
653 3820 774 3880 Graeca
809 3820 950 3879 Terentii
984 3819 1134 3892 exempla
1164 3820 1241 3877 nota
1271 3818 1420 3877 habuerit

248 3935 362 4008 quavis
385 3899 503 4008 pagina
526 3935 667 4008 apparet.
693 3934 763 3992 Non
786 3936 856 3993 tam
880 3933 1008 4006 ineptus
1033 3935 1083 3992 est
1107 3931 1288 3990 Scholiasta
1307 3933 1344 3990 61
1363 3931 1417 3990 Te-

247 4048 389 4107 rentium
409 4047 587 4106 admiretur
606 4047 735 4120 propter
755 4046 897 4119 aliquam
918 4061 988 4104 rem
1008 4045 1138 4119 666616
1150 4043 1270 4103 Graeco
1282 4045 1420 4104 venuste

247 4163 425 4222 inventam.
450 4162 556 4220 Immo
580 4162 730 4220 omnihus
753 4161 818 4220 illis
840 4161 919 4220 locis
943 4160 1124 4220 Scholiasta
1142 4160 1287 4233 legentes
1307 4160 1419 4218 docere

247 4275 374 4335 videtur
397 4275 562 4335 Menandri
586 4275 647 4344 (vel
671 4275 864 4350 Apollodori)
890 4274 1017 4348 aliquod
1038 4271 1210 4333 artificium
1232 4289 1251 4332 a
1270 4271 1418 4332 Terentio

247 4389 294 4448 ita
314 4405 385 4449 esse
404 4391 579 4463 mutatum,
602 4390 805 4463 exornatum,
827 4385 1061 4462 amplificatum
1081 4389 1117 4446 ut
1132 4386 1297 4460 proprium
1317 4386 1419 4460 166166

247 4501 348 4563 fieret.
382 4503 443 4562 Sed
474 4504 512 4562 de
544 4504 612 4561 toto
636 4503 697 4562 hoc
720 4503 911 4576 argumento
935 4501 1010 4561 alibi
1034 4501 1216 4560 accuratius
1240 4499 1417 4576 (1166616116,
