3254 5274
800 678 819 734 8

223 862 329 934 puella
360 864 424 940 illa,
453 867 519 925 iam
543 868 662 942 adulta,
687 869 838 925 veneunt.
863 867 958 924 Forte
981 865 1110 924 fortuna
1134 863 1253 922 emitur
1276 861 1331 922 illa
1354 861 1393 920 ab

223 975 324 1037 altero
347 977 479 1038 Thaidis
503 982 657 1057 amatore,
682 981 796 1055 milite,
821 979 923 1038 rivale
946 977 1000 1037 illo
1024 977 1208 1052 Phaedriae,
1234 975 1274 1034 ad
1297 977 1394 1048 quem

223 1091 293 1149 tota
312 1091 392 1151 haec
411 1095 537 1167 spectat
555 1094 672 1154 fabula.
694 1095 726 1153 Is
747 1093 834 1153 enim
850 1093 1046 1153 iterfaciens
1058 1092 1092 1150 in
1104 1090 1232 1151 Cariam
1244 1088 1394 1149 Rhodum

223 1204 399 1278 appulerat.
432 1206 595 1267 Reversus
625 1208 772 1268 Athenas
803 1209 869 1268 iam
897 1208 979 1266 dono
1003 1207 1137 1266 daturus
1160 1205 1231 1264 erat
1252 1203 1394 1278 puellam

223 1317 346 1394 Thaidi,
372 1335 446 1378 cum
471 1322 633 1395 cognoscit
654 1323 804 1382 exortum
828 1322 890 1381 sibi
913 1321 1079 1380 aemulum
1098 1319 1307 1391 Phaedriam;
1321 1317 1394 1376 inde

224 1433 349 1504 quaerit
380 1434 506 1510 effugia,
539 1437 691 1495 daturum
722 1452 757 1496 se
788 1438 886 1510 negat
916 1436 980 1495 nisi
1004 1436 1111 1494 certus
1134 1432 1178 1492 sit
1202 1434 1240 1492 de
1264 1430 1395 1490 Thaidis

223 1543 302 1619 fide;
327 1562 408 1620 quae
431 1564 575 1609 sororem
595 1565 689 1609 suam
710 1551 896 1625 adoptivam
915 1550 1127 1609 vehementer
1146 1562 1258 1607 secum
1277 1545 1394 1604 habere
1425 1591 1428 1600 .

224 1660 355 1734 cupiens
389 1663 450 1722 hoc
484 1663 546 1722 sibi
576 1664 737 1737 agendum
771 1679 843 1723 esse
877 1663 993 1723 statuit
1024 1664 1061 1722 ut
1090 1677 1147 1736 per
1176 1675 1296 1735 paucos
1327 1647 1395 1719 dies

223 1773 364 1833 militem
416 1775 518 1852 illum,
568 1778 809 1851 ineptissimum
854 1777 1052 1852 mortalium,
1100 1775 1206 1836 solum
1251 1773 1394 1848 recipiat,

223 1886 425 1964 Phaedriam,
450 1889 526 1950 licet
549 1890 603 1950 ille
626 1891 687 1950 sibi
710 1891 754 1952 sit
776 1891 880 1951 multo
904 1890 1016 1966 carior,
1041 1889 1200 1950 excludat.

268 2000 360 2062 Hanc
390 2005 618 2081 narrationem,
651 2022 749 2080 quam
780 2022 838 2080 ego
869 2005 1075 2080 grammatici
1105 2004 1209 2064 instar
1236 2002 1269 2060 in
1298 2001 1395 2060 breve

224 2116 370 2174 contraxi
395 2120 620 2195 summarium,
641 2120 840 2195 lepidissime
861 2119 1031 2179 exornavit
1049 2119 1161 2192 poeta;
1183 2116 1239 2175 sed
1259 2114 1395 2188 lepidius

225 2227 270 2286 nil
296 2230 429 2303 cogitari
453 2234 561 2306 potest
585 2233 653 2293 ioco
677 2234 731 2294 1111
756 2249 852 2306 quem
875 2231 1070 2292 Parmenoni
1092 2230 1214 2290 tribuit.
1240 2229 1272 2288 11
1297 2228 1393 2303 enim,

225 2340 345 2401 Thaide
369 2346 544 2418 antequam
567 2362 698 2406 narrare
720 2347 853 2421 incipiat
875 2346 1068 2406 Phaedriam
1092 2344 1327 2418 interrogante:

1021 2496 1079 2556 Dic
1102 2495 1184 2554 mihi

468 2609 538 2670 Hoc
561 2612 713 2688 primum,
738 2613 829 2686 potin
853 2614 903 2672 est
926 2612 978 2671 hic
1001 2612 1132 2670 tacere?

224 2761 280 2818 pro
304 2746 358 2806 illo
382 2751 569 2824 respondet:

927 2865 1051 2938 egone?
1075 2865 1216 2937 optume.

314 2977 435 3037 Verum
458 2978 539 3037 heus
562 2980 608 3054 tu,
633 2979 694 3038 hac
717 2979 787 3052 lege
812 2978 877 3038 tibi*
893 2993 1003 3037 meam
1027 2977 1192 3050 adstringo
1216 2975 1330 3034 fidem:

313 3090 398 3165 Quae
421 3107 500 3151 vera
523 3092 640 3167 audivi,
665 3094 756 3152 taceo
780 3093 812 3151 et
836 3091 982 3151 contineo
1008 3093 1156 3165 optume:
1173 3083 1193 3160 ¹)

312 3205 369 3264 Sin
391 3207 511 3265 falsum
535 3207 592 3264 aut
610 3222 733 3265 vanum
753 3208 809 3265 aut
828 3204 997 3265 finctumst
1011 3198 1042 3280 ²),
1065 3204 1215 3264 continuo
1235 3202 1393 3276 palamst:

310 3319 429 3378 Plenus
453 3320 612 3379 rimarum
636 3332 719 3395 sum,
745 3320 806 3379 hac
830 3321 926 3392 atque
950 3319 1025 3378 illac
1047 3319 1178 3396 perfluo,

221 3470 335 3530 deinde
359 3471 464 3544 ipsam
488 3471 620 3530 Thaidis
643 3471 863 3531 narrationem
883 3470 1060 3531 identidem
1079 3470 1279 3530 facetissime
1299 3470 1393 3530 inter-

220 3584 342 3658 rumpit
374 3584 413 3642 ad
437 3584 516 3643 illud
540 3600 732 3659 responsum
757 3585 912 3644 alludens.
939 3586 1000 3645 Sed
1024 3601 1061 3645 eo
1085 3585 1164 3660 loco,
1189 3584 1244 3643 ubi
1266 3584 1320 3644 vel
1343 3600 1393 3658 op-

218 3699 300 3757 time
324 3700 552 3757 ornamentum
576 3698 654 3757 illud
679 3714 698 3757 1
721 3700 816 3772 poeta
841 3700 891 3758 est
915 3698 1104 3773 adhibitum,
1126 3697 1170 3757 ibi
1190 3713 1305 3758 versus
1325 3697 1394 3756 eius

218 3811 444 3884 turpissimam
476 3792 707 3871 contraxerunt
733 3812 907 3888 maculam,
940 3827 1005 3872 non
1035 3811 1160 3871 incuria
1189 3811 1394 3870 librariorum

218 3925 549 3998 grammaticorumve
573 3925 828 4000 importunitate,
855 3926 911 3984 sed
935 3925 1114 3986 recentium
1138 3925 1306 3984 doctorum
1325 3939 1393 3998 per-

217 4053 321 4114 versa,
355 4037 384 4096 11
415 4038 489 4111 quid
520 4038 623 4113 video,
653 4039 822 4113 sapientia.
848 4039 1025 4113 Postquam
1049 4038 1147 4098 Thais
1170 4038 1209 4097 de
1232 4037 1337 4097 milite
1361 4037 1394 4096 in

245 4343 261 4396 ¹)
275 4342 317 4386 An
331 4342 445 4397 omnia,
459 4343 488 4385 ut
501 4341 602 4396 ingrata
616 4343 712 4388 vitetur
727 4343 858 4396 repetitio?

243 4421 261 4474 ²)
276 4419 355 4465 Multo
371 4420 511 4475 elegantius
525 4422 664 4474 Bentlejus:
915 4488 919 4497 1

454 4501 498 4545 Sin
512 4500 606 4546 salsum
620 4500 705 4546 audivi
722 4512 752 4547 ac
765 4500 859 4546 fictum.
