3254 5274
606 668 768 728 ⁴25

163 857 278 915 viderit
296 856 578 916 formosissimam.
600 857 716 916 Secum
737 854 880 915 Chaerea
898 855 1048 930 loquitur,
1062 856 1250 914 nontamen
1263 855 1332 914 eius

162 971 258 1030 verba
281 971 518 1030 Parmenonem
541 972 701 1046 fugerunt,
727 971 836 1043 itaque

519 1085 633 1160 „ecce”
659 1083 715 1153 (ait
738 1099 786 1142 ve.
813 1084 887 1154 297)
914 1085 1044 1158 ,autem
1068 1082 1207 1141 alterum

237 1199 352 1258 Nescio
376 1198 451 1272 quid
475 1200 513 1258 de
537 1214 647 1258 amore
670 1197 828 1271 loquitur:
853 1212 871 1256 ο
897 1197 1133 1256 infortunatum
1156 1197 1300 1255 senem.”

163 1314 372 1388 Lepidissime
403 1315 455 1374 hic
485 1315 563 1374 illud
595 1329 689 1373 ecce
721 1315 860 1372 autem
891 1312 1043 1386 positum.
1073 1313 1123 1371 Ita
1145 1311 1242 1371 malis
1266 1313 1332 1370 iam
1366 1335 1370 1344 ·

163 1430 311 1486 assuetus
331 1426 456 1502 aliquis,
478 1443 560 1487 novo
578 1427 664 1486 malo
678 1427 961 1500 appropinquante,
976 1426 1116 1498 loquitur
1129 1427 1211 1485 iram
1224 1425 1333 1485 celans

161 1540 266 1599 verbis
290 1540 436 1612 quietum
460 1541 606 1599 animum
634 1539 873 1598 simulantibus.
898 1537 943 1598 df.
968 1539 1097 1598 Phorm.
1128 1540 1209 1598 264:
1240 1555 1333 1613 ,ecce

163 1654 271 1711 autem
302 1653 423 1712 similia
453 1654 593 1713 omnia.”
626 1653 735 1726 Neque
767 1652 924 1734 dissimile
955 1654 1006 1710 est
1033 1652 1116 1724 quod
1139 1651 1234 1725 paulo
1258 1655 1333 1712 ante

162 1766 194 1824 in
217 1766 330 1825 eadem
353 1766 546 1825 Phormione
569 1763 679 1825 fabula
701 1765 835 1839 legitur:
864 1765 940 1838 ,vix
967 1765 1131 1824 tandem.”

205 1880 257 1939 Sic
280 1881 318 1938 de
341 1880 515 1939 infortunio
539 1894 598 1938 suo
621 1880 712 1952 queri
735 1879 840 1953 pergit
863 1877 1006 1938 Chaerea
1030 1881 1088 1949 (ve.
1114 1880 1206 1948 302l:

293 1995 339 2054 Ut
366 1994 459 2053 illum
483 1995 515 2052 di
539 1993 680 2066 deaeque
704 1993 991 2066 seniumperdant
1015 1993 1069 2066 qui
1092 1992 1186 2052 hodie
1209 2009 1263 2052 me
1287 2008 1332 2051 re-

1045 2109 1202 2178 [moratus
1226 2109 1286 2167 est.

162 2223 221 2282 Hic
251 2239 376 2296 quoque
406 2223 529 2282 hodie
560 2238 625 2281 non
652 2225 722 2282 tam
749 2223 789 2281 ad
812 2224 942 2295 tempus
966 2222 1172 2281 indicandum
1196 2222 1332 2298 additur,

162 2352 257 2410 quam
282 2337 365 2409 quod
388 2337 497 2396 animo
521 2337 604 2396 irato
627 2337 679 2395 vel
703 2337 865 2396 obstinato
889 2336 1015 2410 egregie
1040 2336 1199 2395 convenit.

204 2449 381 2524 Conspecto
413 2451 614 2509 Parmenone
645 2449 760 2508 statim
791 2451 896 2508 totam
928 2464 997 2507 rem
1029 2449 1057 2508 ei
1088 2463 1151 2508 uno
1179 2449 1334 2508 vocabulo

162 2579 248 2622 amo
281 2561 423 2622 Chaerea
454 2563 567 2637 aperit.
601 2561 668 2636 Quo
700 2563 809 2621 audito
840 2562 893 2620 ille
924 2562 1024 2620 Hem
1052 2562 1225 2622 exclamat.
1249 2562 1334 2621 Nam

162 2692 357 2750 quamquam
389 2677 458 2736 eius
489 2677 577 2734 modi
608 2676 728 2748 aliquid
759 2677 1006 2749 exspectaverat
1028 2676 1196 2750 Parmeno,
1222 2678 1334 2735 tamen

162 2791 268 2850 animo
298 2790 504 2864 perturbatur
534 2789 589 2848 ubi
620 2805 655 2848 se
685 2805 764 2848 vera
793 2789 994 2862 suspicatum
1026 2789 1198 2862 cognoscit.
1231 2789 1333 2849 Nemo

162 2905 246 2963 enim
276 2904 343 2963 fere
375 2905 458 2978 apud
489 2902 676 2962 Terentium
708 2903 930 2962 interiectione
953 2903 1043 2962 hem
1067 2903 1170 2961 utitur
1193 2902 1256 2961 nisi
1280 2905 1334 2975 qui

160 3019 369 3077 vehementer
400 3018 508 3076 animo
532 3017 785 3092 commoveatur,
811 3017 880 3076 sive
904 3018 1034 3091 terrore,
1056 3017 1126 3075 sive
1149 3017 1240 3075 metu
1264 3016 1333 3075 sive

161 3133 294 3206 denique
318 3132 547 3205 indignatione.

203 3247 274 3306 Iam
294 3246 441 3306 obsecrat
460 3246 697 3305 Parmenonem
718 3244 861 3305 Chaerea
879 3246 916 3303 ut
935 3245 996 3303 sibi
1012 3245 1046 3302 in
1057 3245 1210 3318 potiundo
1223 3259 1333 3303 amore

162 3374 217 3418 suo
248 3375 342 3434 opem
373 3360 464 3434 ferat,
496 3360 683 3432 hominique
714 3359 814 3418 simul
844 3359 878 3417 in
908 3360 1054 3417 mentem
1081 3360 1212 3418 revocat
1235 3373 1333 3432 quam

162 3473 239 3532 bene
262 3473 340 3532 olim
364 3474 403 3532 de
427 3487 464 3531 eo
488 3473 532 3531 sit
554 3473 700 3532 meritus.

204 3586 282 3646 Ecce
307 3601 419 3646 eorum
443 3586 591 3659 colloquii
615 3588 742 3660 partem
768 3589 825 3655 (vs.
852 3587 913 3646 307
945 3589 1042 3659 sqq.):

450 3698 501 3760 011.
527 3699 628 3775 Nunc,
654 3701 823 3775 Parmeno,
848 3701 881 3759 te
905 3699 1084 3759 ostenderis
1108 3700 1162 3773 qui
1185 3701 1235 3759 vir
1258 3699 1332 3759 sies.

249 3814 317 3872 Scis
337 3815 370 3873 te
390 3814 471 3872 mihi
493 3829 589 3887 saepe
608 3814 789 3888 pollicitum
802 3829 890 3872 esse:
908 3813 1078 3889 ,Chaerea
1093 3814 1212 3887 aliquid
1225 3813 1335 3872 inveni

248 3926 339 3986 Modo
363 3929 446 4001 quod
470 3943 578 3986 ames:
604 3928 637 3986 in
661 3943 699 3987 ea
722 3943 756 3986 re
780 3905 957 3987 utilitatem
981 3943 1039 4001 ego
1062 3928 1181 3987 faciam
1203 3929 1240 3986 ut
1264 3941 1332 4000 cog-

988 4045 1114 4112 [noseas
1138 4057 1247 4100 meam
1259 4041 1287 4098 :''

248 4155 351 4229 Quom
372 4156 405 4214 in
426 4154 576 4218 cellulam
596 4156 636 4214 ad
655 4157 688 4214 te
708 4156 809 4229 patris
829 4171 949 4230 penum
969 4170 1099 4216 omnem
1121 4155 1332 4228 congerebam

1081 4267 1285 4341 [clanculum.

247 4383 304 4444 Pu.
337 4383 417 4459 Age,
450 4384 567 4458 inepte.
603 4382 654 4446 Oh.
684 4386 753 4445 Hoc
783 4385 890 4444 hercle
914 4385 1079 4444 factumst.
1104 4383 1155 4442 fac
1179 4383 1224 4440 sis
1248 4398 1334 4441 nunc

909 4500 1082 4574 [promissa
1104 4499 1288 4571 appareant.
