3254 5274
783 581 824 638 56

260 781 366 852 Atque
398 795 510 839 rursus
540 781 667 854 roganti
698 777 865 854 Pythiadi:
894 781 989 856 ,Tha
1014 796 1120 841 nonno
1143 780 1175 840 id
1199 781 1251 839 sat
1274 780 1389 838 erat?'’

215 893 386 968 respondet
409 893 462 953 ille
486 895 590 964 (736);

641 1008 685 1068 At
707 1008 873 1068 nescibam
897 1009 929 1067 id
953 1008 1057 1068 dicere
1081 1007 1180 1083 illam,
1206 1009 1270 1068 nisi
1293 1009 1367 1081 quia

282 1118 430 1179 Correxit
448 1120 553 1195 miles,
568 1121 651 1194 quod
663 1121 809 1180 intellexi
821 1122 947 1180 minus:
961 1137 1038 1181 narn
1051 1137 1104 1180 me
1118 1122 1258 1180 extrusit
1270 1123 1364 1182 foras.

214 1233 260 1293 De
283 1234 391 1293 verbis
418 1235 578 1308 ,correxit
603 1268 638 1277 —
666 1235 774 1295 foras”
799 1235 878 1294 haec
902 1235 1054 1294 observat
1077 1235 1274 1294 Scholiasta:
1301 1235 1390 1309 ,Hoc

215 1348 343 1407 videtur
373 1347 510 1406 facetius
541 1349 574 1406 et
603 1348 782 1422 sapientius
814 1364 911 1423 quam
943 1349 1004 1408 dici
1028 1349 1067 1407 ab
1092 1348 1188 1423 ebrio,
1213 1349 1333 1408 rustico
1356 1349 1390 1406 et

216 1461 418 1520 adolescente
439 1460 611 1521 debuisset.
633 1462 702 1521 Hoc
721 1462 840 1522 vitium
859 1465 937 1522 tunc
956 1461 993 1522 iit
1009 1478 1084 1522 curn
1096 1465 1210 1536 poetae
1223 1462 1389 1536 ingenium

216 1590 312 1634 suum
343 1575 376 1633 in
406 1589 560 1648 personas
591 1576 791 1636 conferunt.”
823 1576 1024 1636 Vocabulum
1055 1577 1301 1650 sapientius
1324 1591 1388 1635 cor-

216 1689 347 1762 ruptum
377 1690 472 1762 puto;
505 1689 683 1763 sapientiae
714 1691 801 1750 enim
833 1690 866 1748 in
897 1690 952 1749 illo
983 1690 1067 1749 dicto
1098 1690 1191 1749 video
1222 1688 1303 1748 nihil
1333 1688 1390 1748 sed

216 1802 358 1860 multum
388 1801 506 1875 leporis
536 1804 632 1876 atque
663 1804 866 1863 urbanitatis.
900 1804 961 1862 Sed
991 1805 1061 1863 tota
1090 1803 1272 1862 observatio
1295 1803 1390 1876 periti

217 1918 255 1975 de
286 1918 361 1976 arte.
387 1917 511 1976 comica
541 1917 654 1976 iudicis
682 1931 754 1976 esse
785 1918 921 1977 videtur.
954 1917 1066 1976 Nonne
1090 1917 1178 1976 enim
1202 1917 1332 1976 omnino
1356 1917 1390 1974 in

217 2030 277 2089 hac
300 2044 397 2088 scena
427 2030 647 2103 componenda
677 2030 893 2104 negligentius
925 2032 1074 2090 versatus
1104 2033 1156 2090 est
1178 2031 1296 2104 poeta?
1319 2029 1390 2087 Hoc

217 2160 273 2204 cur
295 2159 406 2218 rogem
429 2144 543 2203 statim
566 2144 740 2218 apparebit.

261 2257 360 2316 Addit
393 2258 500 2316 verbis
531 2258 640 2317 citatis
670 2259 750 2317 haec
781 2257 935 2318 Chremes
968 2291 1005 2300 -
1041 2261 1074 2317 et
1104 2260 1155 2317 est
1178 2257 1231 2316 hic
1253 2220 1390 2316 ultimus

217 2371 350 2429 huiusce
374 2385 490 2430 scenae
512 2385 643 2429 versus:
1244 2369 1245 2372 ’

263 2485 336 2544 738.
363 2481 424 2542 Sed
448 2498 560 2542 eccum
583 2484 705 2557 ipsam:
730 2485 830 2543 miror
853 2485 907 2543 ubi
932 2500 989 2558 ego
1013 2485 1088 2543 huic
1113 2484 1354 2543 antevorterim.

217 2599 255 2658 ld
285 2613 343 2671 ego
374 2612 499 2670 quoque
529 2597 638 2672 miror,
671 2612 746 2656 cum
776 2599 967 2672 praesertim
999 2614 1047 2658 vs.
1077 2599 1140 2658 745
1165 2598 1263 2657 Thais
1287 2598 1388 2656 dicat:

120 2704 124 2712 ’
221 2727 258 2789 ,o
282 2712 329 2770 mi
352 2709 515 2784 Chremes,
537 2713 569 2769 te
589 2711 696 2784 ipsum
716 2712 979 2787 exspectabam,’'
1000 2713 1033 2770 in
1053 2712 1107 2771 via
1126 2711 1291 2786 nimirum,
1312 2726 1389 2769 nam

218 2828 291 2900 post
326 2825 531 2885 Chremetem
566 2825 664 2884 Thais
699 2825 839 2884 advenit.
875 2826 1026 2884 Fortasse
1061 2826 1142 2884 latet
1175 2824 1228 2884 hic
1263 2824 1390 2897 aliquod

218 2940 314 3013 lepidi
337 2942 450 3013 poetae
475 2939 655 3013 consilium,
681 2939 761 2998 nihil
783 2941 872 2998 enim
896 2955 975 3014 opus
999 2943 1069 2998 erat
1088 2939 1294 2999 Chremetem
1315 2940 1389 2996 ante

218 3054 374 3113 Thaidem
393 3055 554 3113 advenire.
575 3052 677 3113 Versu
694 3056 805 3113 autern
818 3055 881 3113 738
898 3054 983 3128 ubi,
1001 3054 1033 3113 id
1046 3054 1129 3127 quod
1140 3055 1227 3112 recte
1240 3053 1390 3112 observat

219 3167 407 3242 Scholiasta,
422 3169 488 3226 est:
505 3167 558 3240 ,in
570 3182 632 3239 qua
644 3168 735 3240 parte
747 3167 851 3226 viae.'’
865 3167 1036 3226 Praeteriit
1048 3165 1205 3224 Thaidem
1218 3164 1387 3238 Chremes;

217 3282 278 3342 hoc
301 3282 450 3340 credibile
473 3283 532 3356 est,
557 3281 614 3339 sed
638 3296 657 3339 a
680 3281 800 3339 Thaide
824 3283 1032 3354 conspectum
1056 3296 1120 3339 non
1147 3294 1219 3339 esse
1238 3281 1389 3339 iuvenem

218 3397 343 3456 ebrium
370 3411 407 3454 ao
430 3395 627 3455 titubantem
650 3396 722 3468 quis
746 3397 878 3454 credat?
902 3395 1049 3454 Eiectum
1072 3396 1158 3454 foras
1183 3394 1387 3454 Chremetem

217 3510 328 3583 opinor
362 3511 476 3568 statim
509 3511 583 3583 post
617 3509 782 3585 Thaidem,
818 3511 881 3568 nisi
911 3510 978 3569 iam
1009 3510 1132 3584 statim,
1165 3509 1219 3567 ubi
1250 3508 1388 3567 militem

91 3635 95 3642 ·
217 3623 348 3697 gravius
383 3624 577 3683 irascentem
607 3624 697 3698 vidit,
731 3623 815 3682 clam
847 3623 942 3696 abiit3
974 3623 1087 3682 deinde
1119 3624 1277 3696 quantum
1308 3623 1387 3682 sine·

217 3739 295 3797 bant
321 3738 418 3811 pedes
446 3736 602 3796 curriculo
630 3738 809 3820 cucurrisse
836 3739 873 3796 ut
907 3737 998 3795 illam
1026 3738 1261 3810 assequeretur.
1286 3736 1389 3795 Verba

218 3854 327 3911 autem
351 3851 437 3926 ,iam
456 3852 586 3926 dudum,
608 3852 771 3910 aetatem'’
791 3855 849 3920 (vs.
864 3851 938 3919 734)
960 3851 1035 3924 quid
1047 3851 1108 3909 sibi
1119 3851 1258 3909 volunt?
1271 3849 1388 3908 Utrum

216 3981 329 4026 revera
359 3967 405 4024 ita
435 3965 563 4024 videtur
594 3961 765 4039 Chremeti,
795 3980 836 4022 an
860 3965 1014 4024 simulare
1037 3964 1109 4023 vult
1132 3979 1167 4022 se
1192 3963 1389 4036 aliquamdiu

217 4080 300 4154 apud
320 4079 460 4138 militem
479 4078 685 4153 remansisse,
707 4093 747 4136 ne
767 4077 866 4136 nimis
886 4079 949 4137 cito
970 4078 1076 4137 ebrius
1096 4079 1204 4136 factus
1218 4077 1389 4136 videatur?

681 4341 920 4348 --——-——-—
