3254 5274
819 612 860 670 24

324 817 383 876 age
404 803 508 877 modu,
531 801 693 860 nunctibi
713 798 929 873 patentiores
950 800 1019 873 hae,
1042 799 1117 871 quia
1135 801 1234 859 istam
1255 800 1355 860 ducis.

253 915 361 990 „Hoc”
386 916 431 974 ait
457 914 637 974 Scholiasta
662 914 774 987 „quasi
801 913 840 972 ad
868 912 1081 987 Gnathonem,
1110 914 1167 972 sed
1194 914 1280 972 lente
1310 915 1343 973 et
1364 915 1423 972 sub

250 1029 360 1102 lingua
380 1029 595 1086 murmurat”.
619 1027 799 1086 Scholiasta
816 1042 890 1100 ergo
904 1028 1015 1085 censet
1027 1027 1220 1086 Parmenoni
1232 1042 1424 1101 persuasum

251 1157 322 1200 esse
354 1142 392 1201 de
422 1142 506 1201 bona
536 1140 598 1200 fide
633 1140 773 1199 Thaidis
810 1139 967 1212 Equidem
1002 1139 1128 1200 dubito:
1164 1141 1306 1200 vidimus
1337 1143 1425 1200 enim

253 1271 350 1329 quam
380 1255 530 1330 pertinax
561 1254 646 1313 idem
678 1254 731 1312 ille
763 1254 922 1312 Parmeno
952 1252 1047 1327 paulo
1075 1256 1150 1313 ante
1173 1255 1271 1313 fuerit
1294 1255 1425 1314 Thaidis

252 1369 464 1428 adversarius
497 1367 621 1441 Ergone
652 1382 738 1426 nuno
769 1367 910 1425 mutavit
940 1367 1095 1442 mentem,
1129 1369 1278 1440 certaque
1306 1369 1373 1426 stat
1396 1369 1426 1427 ei

251 1497 324 1556 spes
356 1482 463 1556 elapso
494 1482 589 1541 biduo
622 1480 791 1540 exclusum
822 1480 861 1538 iri
887 1480 1028 1539 militem
1053 1482 1086 1539 et
1108 1481 1213 1540 totam
1236 1481 1303 1540 fore
1326 1482 1424 1541 Phae·

252 1596 338 1654 driae
370 1595 549 1654 Thaidem?
580 1595 650 1654 Non
677 1596 790 1654 tamen
812 1609 894 1666 nego
917 1591 987 1652 fieri
1010 1609 1105 1667 posse
1128 1595 1164 1652 ut
1188 1594 1347 1653 Parmeno
1371 1595 1425 1654 ali-

252 1724 349 1781 quam
381 1709 414 1766 in
445 1708 575 1768 Thaidis
606 1707 668 1767 fide
700 1723 791 1781 spem
822 1709 929 1781 ponat.
962 1707 1037 1766 Mox
1067 1723 1182 1766 versus
1213 1707 1348 1767 afferam
1372 1709 1427 1781 qui

250 1823 310 1881 hoc
344 1821 425 1880 mihi
457 1822 592 1880 reddant
623 1820 782 1880 credibile.
817 1821 877 1878 Sed
905 1821 994 1893 prius
1024 1836 1157 1880 versum
1179 1822 1426 1895 praecedentem

253 1935 448 2008 aspiciamus
481 1951 500 1994 a
532 1935 712 1995 Scholiasta
742 1934 941 2009 lepidissime
972 1935 1182 1994 illustratum.
1210 1935 1265 1994 Vs.
1292 1936 1356 1995 280
1379 1936 1427 1995 sic

252 2049 489 2107 Parmenonem
521 2048 693 2122 alloquitur
717 2048 859 2107 Gnatho:

429 2162 564 2220 Detineo
587 2164 637 2221 te:
662 2162 801 2220 fortasse
824 2163 861 2220 tu
883 2160 1046 2235 profectus
1070 2161 1132 2220 alio
1155 2163 1273 2221 fueras,

253 2275 356 2350 Quam
386 2276 525 2333 mordax
555 2275 635 2333 illud
666 2275 788 2334 dictum
819 2274 863 2333 sit
886 2290 982 2333 nemo
1015 2275 1195 2334 Scholiasta
1217 2276 1335 2334 melius
1358 2293 1425 2350 per-

252 2389 376 2462 spexit3
410 2389 544 2447 annotat
568 2388 672 2446 enim:
701 2388 791 2462 „vult
814 2387 996 2462 exprimere
1020 2388 1256 2448 confessionem
1280 2390 1363 2462 quod
1386 2391 1426 2449 ad

253 2501 558 2559 Thaidemvenerit
577 2501 634 2558 sed
658 2500 778 2559 intrare
801 2516 866 2560 non
888 2501 1023 2574 possit.”

296 2615 366 2674 Hoo
396 2616 507 2673 tamen
538 2613 721 2673 mordacius
753 2613 854 2672 etiam
879 2614 963 2686 quod
986 2615 1166 2673 restantem
1189 2615 1425 2674 Parmenonem

252 2729 378 2787 Gnatho
412 2729 505 2800 rogat
538 2743 587 2787 va.
622 2728 684 2786 283
721 2743 919 2802 „numquem
950 2728 1078 2786 evocari
1108 2727 1183 2787 hinc
1212 2729 1263 2786 vis
1293 2729 1424 2787 foras?’'

252 2845 378 2916 (nempe
401 2857 570 2900 servorum
594 2841 755 2915 aliquem).
1208 2827 1213 2836 ⁴

296 2955 384 3014 Haec
415 2955 470 3013 ubi
501 2955 584 3014 dixit
615 2954 741 3014 Gnatho
773 2954 868 3012 aedes
899 2953 1019 3013 introit.
1049 2953 1132 3012 Tum
1155 2954 1244 3013 solus
1267 2955 1426 3015 Parmeno

250 3068 390 3142 loquitur
415 3072 472 3138 (va.
499 3069 561 3127 283
586 3071 684 3142 sqq.):

732 3182 806 3240 Sine
830 3181 964 3266 biduum
988 3182 1049 3240 hoc
1070 3185 1268 3256 praetereat:

385 3295 444 3370 Qui
466 3297 549 3355 mihi
571 3312 656 3355 nunc
681 3311 744 3355 uno
768 3295 902 3368 digitulo
926 3295 1004 3354 foris
1028 3296 1133 3369 aperis
1152 3297 1336 3356 fortunatus

381 3410 428 3468 Ne
452 3411 488 3468 tu
512 3411 594 3468 istas
618 3410 694 3468 saxo
720 3409 860 3468 calcibus
884 3424 980 3482 saepe
1004 3409 1175 3468 insultabis
1198 3411 1328 3469 frustra.

249 3523 292 3581 Hi
322 3527 399 3584 sunt
432 3525 479 3583 illi
502 3540 626 3600 versus
653 3525 767 3597 quibus
791 3525 886 3583 modo
911 3525 1056 3584 dicebam
1080 3525 1113 3583 in
1137 3539 1210 3583 eam
1233 3541 1287 3584 me
1312 3527 1426 3586 adduci

249 3637 433 3710 opinionem
465 3640 502 3697 ut
530 3638 659 3697 credam
683 3638 749 3696 iam
774 3638 812 3696 de
836 3636 956 3696 Thaide
980 3639 1104 3713 optima
1127 3653 1270 3711 quaeque
1295 3653 1424 3712 sperare

249 3749 495 3809 Parmenonem.
538 3750 597 3825 Qui
636 3751 713 3809 dum
749 3751 849 3810 etiam
881 3753 956 3810 ante
988 3752 1118 3811 Thaidis
1150 3751 1272 3810 ostium
1302 3753 1425 3812 otiosus

249 3862 357 3922 adstat
382 3865 606 3924 accurrentem
631 3866 733 3925 cernit
757 3864 869 3924 erilem
893 3863 997 3924 filium
1021 3865 1209 3926 Chaeream.

761 4140 869 4198 Soaxx
893 4141 923 4198 8.

294 4314 410 4373 Secum
433 4314 487 4374 ille
513 4313 655 4374 Chaerea
679 4330 793 4374 omnes
817 4315 878 4375 sibi
902 4316 1105 4375 adversarios
1129 4316 1205 4374 deos
1225 4316 1425 4375 lamentatur

250 4427 304 4500 qui
328 4429 407 4502 eripi
432 4429 534 4488 oculis
554 4428 622 4488 suis
643 4428 733 4502 passi
752 4429 818 4488 sint
837 4428 997 4503 virginem
1017 4429 1164 4488 omnium
1184 4444 1264 4502 quas
1283 4445 1426 4502 unquam
