3230 5260
752 687 792 746 91

184 875 276 948 ponit
294 876 480 949 loquentem
501 875 715 951 Chremetem,
737 891 834 950 quem
850 876 963 936 volens
974 891 1076 949 usque
1088 877 1129 936 ad
1141 877 1357 950 cognitionem

184 987 270 1048 filiae
297 1004 376 1048 suae
399 988 546 1064 retinere,
572 1005 636 1049 non
659 989 737 1049 facit
760 987 856 1049 irasci
879 989 1047 1063 Pamphilo
1071 989 1111 1048 ob
1135 991 1357 1065 contemptum

136 1150 138 1153 ,
184 1100 270 1162 filiae
305 1118 392 1179 suae,
429 1105 462 1163 et
492 1106 566 1178 post
596 1105 657 1163 hoc
687 1103 775 1163 abire
806 1105 845 1163 de
875 1104 1021 1176 medio'’;
1054 1105 1150 1176 atque
1176 1104 1228 1163 his
1250 1104 1358 1164 verbis

183 1217 292 1275 totum
314 1220 427 1290 poetae
452 1217 622 1277 consilium
646 1217 767 1292 optime
791 1216 941 1291 explicat.

230 1329 281 1393 ΙΙ.
312 1331 481 1391 Lectorem
512 1332 673 1406 admonet,
702 1330 731 1390 si
753 1331 924 1405 peculiaris
948 1332 1107 1405 quaedam
1129 1334 1285 1391 venustas
1308 1334 1359 1391 est

183 1442 218 1502 in
249 1443 355 1517 aliquo
378 1444 534 1504 vocabulo
557 1445 692 1520 dictove,
718 1445 801 1517 quod
825 1444 927 1504 obiter
950 1444 1119 1518 aspicienti
1142 1445 1262 1506 nullius
1286 1460 1358 1505 esse

182 1557 344 1617 momenti
374 1557 476 1620 videri
506 1557 618 1632 possit,
650 1557 703 1617 vel
733 1558 762 1617 si
792 1558 826 1617 in
857 1556 1016 1617 eiusmodi
1045 1558 1201 1618 vocabulo
1232 1559 1358 1619 dictove

181 1669 327 1743 lepidum
357 1670 485 1744 aliquod
515 1672 628 1744 poetae
652 1671 793 1730 cernitur
816 1670 996 1730 consilium.
1021 1669 1083 1730 Hic
1105 1671 1248 1745 primum
1274 1687 1357 1731 com-

182 1799 330 1844 memoro
346 1783 605 1864 ,annotationem
635 1783 676 1844 ad
698 1783 777 1843 Eun.
802 1799 850 1844 vs.
876 1785 940 1844 963
964 1783 1003 1843 de
1026 1799 1090 1857 qua
1113 1799 1211 1859 supra
1234 1785 1358 1846 dictum

183 1905 244 1963 est.
269 1903 413 1978 Pythias,
438 1904 475 1963 ut
498 1902 668 1962 inimicum
688 1917 785 1962 suum
804 1903 1039 1963 Parmenonem
1060 1904 1247 1979 perterreat,
1268 1919 1357 1962 men·

182 2017 264 2076 titur
295 2016 481 2092 Chaeream,
515 2030 613 2089 quem
642 2016 696 2075 ille
719 2031 776 2090 pro
796 2016 949 2076 Eunucho
973 2017 1013 2076 ad
1037 2016 1194 2076 Thaidem
1217 2017 1357 2076 introdu-

94 2195 99 2204 ,
182 2129 278 2206 uerit,
300 2130 344 2189 ibi
364 2131 558 2203 deprensum
578 2131 611 2188 et
629 2129 768 2188 vinculis
789 2129 1000 2188 constrictum
1014 2144 1130 2189 saevas
1143 2129 1357 2203 darepoenas

184 2243 247 2302 Hic
270 2243 340 2302 ille:

274 2355 352 2432 Quis
374 2356 471 2415 homo
494 2372 551 2430 pro
575 2358 710 2416 moecho
733 2371 877 2430 unquam
900 2357 982 2417 vidit
1005 2358 1038 2416 in
1058 2359 1154 2417 domo
1174 2356 1359 2416 meretricia

272 2470 389 2529 Prendi
408 2472 628 2544 quemquam?
808 2534 812 2541 ,

181 2586 285 2660 rogat,
311 2586 344 2643 et
367 2583 538 2659 respondet
561 2583 696 2657 Pythias
720 2584 766 2643 nil
789 2585 868 2643 nisi:
897 2583 1057 2660 „nescio”
1082 2584 1359 2660 Quotusquisque

75 2683 79 2698 ⁴
183 2699 236 2757 est
255 2698 310 2770 qui
329 2699 443 2772 sponte
461 2695 624 2771 intelligat
644 2712 743 2770 quarn
761 2697 905 2771 lepidum
924 2698 1003 2756 illud
1023 2697 1154 2757 Thaidis
1166 2712 1358 2772 responsum

181 2812 235 2886 sit,
258 2825 354 2883 quam
375 2810 544 2885 Pythiadis
563 2826 719 2884 personae
739 2813 861 2886 aptum,
877 2813 1073 2884 quantopere
1084 2811 1140 2871 illo
1152 2811 1358 2870 mendacium

182 2925 253 2983 eius
273 2925 467 2983 adiuvetur?
486 2924 531 2983 At
550 2925 660 2984 omnia
679 2925 735 2984 illa
755 2924 847 2984 nobis
867 2925 972 2984 reddit
991 2925 1159 2999 perspicua
1178 2924 1359 2983 Scholiasta

182 3053 223 3097 ea
245 3038 438 3112 annotando,
465 3053 546 3111 quae
570 3054 599 3112 p.
626 3038 667 3098 73
692 3037 800 3099 citavi.

222 3152 326 3211 'Andn
360 3152 435 3210 534.
468 3149 622 3210 Chremes
653 3149 755 3210 filiam
787 3166 882 3210 suam
913 3152 1065 3210 daturum
1093 3165 1129 3209 se
1153 3150 1357 3225 adolescenti,

182 3279 281 3338 quem
300 3265 441 3324 amicam
460 3265 578 3324 habere
598 3265 792 3340 cognoverit,
814 3265 962 3338 negavit;
985 3264 1073 3324 Simo
1092 3267 1213 3339 tamen,
1239 3264 1359 3324 adoles·

183 3377 287 3438 centis
314 3381 414 3453 pater,
441 3379 479 3437 de
507 3378 724 3438 contrahenda
747 3393 822 3437 cum
846 3377 900 3436 illo
925 3376 1081 3437 affinitate
1105 3392 1170 3436 non
1193 3377 1358 3451 desperat:

182 3493 217 3551 in
237 3499 379 3551 errorem
399 3491 487 3551 enim
507 3507 582 3550 eum
601 3491 683 3551 Davi
703 3491 790 3550 servi
809 3490 939 3550 induxit
958 3492 1182 3550 commentum
1198 3490 1236 3550 de
1249 3490 1360 3550 litibus

183 3607 270 3665 inter
301 3605 441 3665 amicam
473 3607 717 3678 amatoremque
749 3605 838 3664 ortis.
872 3605 970 3664 Orare
994 3619 1070 3678 ergo
1093 3602 1300 3664 Chremetem
1323 3607 1360 3663 ut

185 3719 357 3778 consilium
389 3720 496 3778 mutet
527 3719 687 3791 decernit;
719 3719 843 3777 interea
874 3717 1004 3792 nuptias
1035 3717 1142 3790 parari
1165 3717 1255 3776 iubet
1277 3719 1358 3776 tam·

185 3848 283 3905 quam
307 3831 402 3891 hodie
426 3832 562 3892 futuras.
587 3832 721 3904 Iamque
742 3832 781 3890 ad
801 3831 1007 3890 Chremetem
1027 3830 1208 3904 profecturo
1229 3830 1358 3889 obviam

183 3947 253 4020 ipse
278 3945 332 4004 ille
356 3946 454 4021 venit,
480 3945 535 4018 qui
558 3946 605 4004 sio
629 3960 705 4004 eum
728 3945 917 4018 alloquitur:

852 4059 969 4133 Optato
993 4057 1135 4116 advenis.

273 4172 406 4244 Aliquot
425 4185 478 4231 me
499 4172 655 4247 adierunt,
674 4187 716 4231 ox
728 4174 761 4230 te
774 4172 921 4230 auditum
934 4171 988 4242 qui
1001 4168 1120 4242 aibant,
1134 4167 1227 4226 hodie
1240 4167 1359 4227 nubere

274 4286 380 4344 Meam
403 4285 506 4345 filiam
529 4287 586 4345 tuo
610 4286 725 4358 gnato:
750 4284 782 4343 id
805 4285 876 4344 viso
899 4285 959 4342 tun
981 4298 1023 4341 an
1046 4281 1093 4340 illi
1116 4280 1290 4339 insaniant.

186 4398 390 4458 Stomachari
414 4414 498 4473 eum,
524 4399 579 4471 qui
601 4398 649 4457 sic
671 4397 821 4472 loquitur,
847 4413 888 4456 ex
912 4395 1061 4455 omnibus
1085 4395 1217 4468 apparet
1240 4393 1357 4468 verbis,

184 4513 241 4574 sed
261 4527 278 4572 e
299 4512 387 4571 nullo
407 4511 513 4586 magis
533 4526 631 4585 quam
652 4527 694 4570 ex
713 4525 776 4569 uno
797 4510 851 4598 illo
873 4509 1080 4584 adierunt,
1095 4507 1186 4566 cuius
1199 4506 1358 4566 acerbitas
