3234 5254
793 653 856 712 239

234 845 286 902 est
303 843 471 918 momenti,
492 856 601 900 mores
620 840 789 899 hominum
809 840 956 914 depinxit
974 839 1060 914 ipse;
1082 840 1150 913 ipse
1163 839 1250 898 enim
1263 839 1407 913 proprios

233 957 358 1016 invenit
381 956 588 1028 adhibuitque
612 955 744 1014 colores.

278 1185 411 1256 Iamque
434 1182 547 1257 „exegi
566 1182 837 1241 monumentum”
859 1181 899 1240 ad
918 1181 1002 1254 quod
1022 1180 1193 1240 delendum
1205 1196 1308 1254 neque
1320 1181 1407 1240 Iovis

233 1298 281 1356 ira
304 1313 384 1371 opus
407 1297 468 1356 erit
490 1311 594 1368 neque
618 1296 707 1354 edaci
732 1296 895 1354 vetustate
919 1295 975 1353 sed
999 1295 1069 1368 ipsa
1092 1295 1250 1354 lectorum
1271 1295 1408 1354 sufficiet

233 1411 466 1472 benevolentia.
498 1410 665 1484 Exponere
697 1408 784 1468 enim
816 1410 950 1467 conatus
974 1424 1048 1467 sum
1072 1410 1231 1482 quantum
1254 1424 1350 1468 verae
1375 1409 1408 1467 in

233 1527 365 1587 scholiis
395 1526 435 1612 ad
462 1524 649 1583 Terentium
672 1522 789 1581 lateret
813 1522 993 1594 doctrinae;
1021 1537 1078 1595 per
1104 1521 1194 1581 illam
1218 1522 1331 1582 deinde
1355 1523 1406 1582 sil·

233 1656 310 1701 vam
332 1641 475 1714 primum
498 1639 535 1698 ut
559 1636 749 1712 apparerent
771 1636 844 1694 viae
868 1635 1025 1708 quaedam
1050 1636 1259 1710 semitaeque,
1280 1638 1352 1694 tum
1372 1638 1409 1696 ut

233 1770 347 1829 vepres
371 1754 444 1813 inde
467 1752 640 1824 sentesque
664 1751 908 1809 removerentur
931 1764 1006 1807 sum
1029 1749 1148 1823 enisus
1173 1751 1338 1822 postremo
1361 1750 1409 1810 sio

234 1886 271 1928 eo
298 1867 459 1943 perveniri
480 1881 576 1940 posse
598 1867 634 1924 ut
658 1865 766 1938 ipsum
789 1862 977 1923 Terentium
1000 1864 1118 1922 melius
1141 1878 1408 1937 cognosceremus

234 1981 464 2041 demonstravi.
497 1979 530 2038 Si
561 1978 616 2052 qui
639 1993 714 2051 ergo
740 2010 779 2018 -
805 1978 838 2035 et
860 1977 927 2039 sint
949 1976 983 2034 hi
1007 1977 1259 2051 quamplurimi
1283 2011 1323 2022 -
1348 1978 1409 2038 hoc

233 2097 373 2170 perlecto
404 2095 484 2153 libro
515 2091 703 2150 Terentium
733 2090 835 2164 pluris
865 2105 964 2162 quam
988 2092 1084 2148 autea
1106 2089 1211 2150 facere
1235 2092 1406 2168 coeperint,

234 2209 262 2268 si
285 2210 319 2267 in
342 2225 379 2268 eo
400 2206 534 2281 legendo
555 2219 684 2278 semper
703 2203 832 2262 assidue
853 2202 1034 2262 Scholiasta
1053 2203 1104 2262 usi
1124 2206 1218 2263 erunt
1237 2205 1406 2281 monitore,

234 2324 305 2381 tum
336 2323 364 2381 si
394 2321 456 2379 viri
487 2318 608 2393 ingenii
638 2317 786 2377 acumine
808 2316 967 2391 pollentes
991 2332 1010 2375 a
1033 2332 1087 2376 me
1109 2316 1238 2377 incitari
1261 2333 1296 2378 se
1319 2319 1408 2392 passi

235 2438 329 2495 erunt
347 2436 384 2494 ut
403 2432 535 2493 scholiis
555 2430 766 2491 emendandis
786 2431 862 2489 dent
882 2446 1030 2503 operam3
1050 2432 1215 2503 postremo
1235 2432 1263 2490 si
1275 2433 1407 2492 tandem

178 2546 180 2552 ’
234 2549 403 2623 aliquando
434 2548 495 2606 hoo
525 2545 573 2604 illi
596 2545 691 2604 erunt
714 2544 855 2603 assecuti
878 2545 915 2602 ut
938 2544 1061 2617 optima
1085 2545 1310 2604 commentarii
1333 2561 1407 2619 pars

234 2663 384 2724 omnibus
410 2661 548 2734 purgata
570 2657 717 2718 sordibus
741 2657 774 2716 in
797 2658 903 2715 lucem
926 2657 1068 2732 prodeat,
1093 2657 1176 2716 meis
1200 2658 1266 2716 iam
1289 2658 1328 2716 de
1351 2658 1406 2717 Te-

234 2778 337 2838 rentio
357 2778 390 2835 et
409 2775 534 2833 Donato
553 2771 827 2831 lucubrationibus
846 2770 939 2830 facile
960 2786 1068 2831 carere
1084 2771 1405 2846 poterunt'homines.

287 2953 362 3006 Lugd.
376 2952 431 2996 Bat
445 2950 501 2995 Kal.
515 2949 581 3004 sepa
594 2949 625 2994 Δ.
638 2959 825 2992 unooocmxv.
