3234 5254
731 639 792 698 207

172 831 284 889 autem
313 844 454 902 nequam
484 828 534 886 est
564 827 597 885 et
627 827 734 886 callidi
761 827 1021 901 impudentisque
1045 825 1145 886 verba
1169 827 1290 887 domini
1314 829 1347 887 in

173 944 274 1003 alium
297 957 431 1001 sensum
454 941 652 1014 detorquere.

217 1169 254 1244 V,
279 1171 305 1244 1,
330 1168 625 1236 14..Paululum
645 1169 863 1238 istorsum]
888 1184 993 1242 „nune
1012 1169 1345 1229 istorsumadver·

172 1284 263 1343 bium
287 1285 337 1342 est
360 1283 430 1358 loci,
456 1282 536 1341 alias
560 1283 711 1341 nomen.”
733 1282 801 1357 Qui,
823 1297 953 1357 quaeso,
976 1282 1182 1341 istorsum
1202 1298 1345 1355 unquam

172 1413 292 1457 nomen
327 1412 398 1456 esse
432 1397 548 1470 potest,
584 1396 635 1454 vel
671 1397 847 1469 quidquam
881 1396 968 1456 aliud
1002 1411 1100 1469 quam
1136 1397 1348 1456 adverbium?

173 1510 419 1570 Westerhovius
449 1525 506 1584 pro
536 1511 743 1569 istorsum
774 1510 946 1583 legendum
977 1499 1088 1570 censet
1118 1511 1346 1584 paululum,

172 1625 230 1684 sed
260 1623 338 1683 illud
369 1638 535 1696 nunquam
568 1637 639 1681 esse
662 1625 770 1696 potest
794 1623 982 1682 adverbium
1005 1623 1076 1683 loci.
1102 1623 1251 1682 Mutilum
1276 1639 1347 1682 esse

172 1737 318 1800 scholion
341 1736 453 1810 opinor
476 1738 509 1794 et
528 1736 575 1794 sic
596 1736 827 1809 supplendum:
851 1735 1075 1812 „istorsum
1098 1737 1245 1796 existo
1265 1753 1347 1797 ver-

173 1866 280 1923 sum;
304 1867 391 1910 nune
413 1851 499 1910 isto
522 1851 711 1910 adverbium
732 1851 802 1926 loci,
827 1852 909 1910 alias
931 1853 1083 1910 nomen.'’

220 1966 271 2024 23.
293 1964 349 2023 Ex
373 1964 645 2038 aegritudine
669 1965 869 2023 miseram
892 1968 1251 2025 morsconsecuta
1270 1966 1346 2033 est]

176 2079 277 2153 „bene
296 2077 483 2136 moderatus
504 2079 562 2151 est,
584 2078 621 2135 ut
641 2093 744 2150 neque
764 2077 862 2136 nimis
882 2093 976 2152 aegre
996 2079 1088 2154 ferat,
1103 2095 1205 2152 neque
1218 2095 1348 2138 rursum

174 2189 298 2267 ἀπαθής
321 2190 396 2250 sit.”
422 2190 498 2265 Quis
519 2191 706 2250 moderatus
727 2193 800 2250 est?
820 2192 903 2250 Nam
922 2195 999 2251 sunt
1019 2194 1099 2251 haec
1117 2193 1217 2252 verba
1237 2193 1348 2252 mulie-

174 2305 229 2364 ris.
261 2306 323 2365 Pro
353 2310 419 2368 est
448 2307 621 2381 legendum
652 2322 798 2366 sermo.
832 2309 884 2367 Sic
906 2309 1058 2368 restituta
1081 2309 1142 2368 erit
1165 2309 1350 2382 frequenter

174 2434 342 2479 recurrens
364 2420 421 2479 illa
444 2420 489 2479 de
513 2420 724 2479 mortibus
748 2421 923 2480 comicis
948 2421 1139 2481 observatio.

219 2645 256 2721 V,
289 2647 319 2720 3,
349 2648 388 2706 27
421 2662 468 2720 sq.
497 2646 691 2720 obiurgatus
718 2663 738 2706 a
765 2645 934 2707 Chremete
962 2649 1044 2721 quod
1071 2647 1168 2708 fidem
1196 2649 1258 2708 sibi
1284 2664 1348 2708 non

175 2760 293 2818 habeat
315 2760 473 2833 Demipho
497 2761 606 2833 rogat:
1045 2767 1052 2782 ·

775 2873 838 2932 Vin
860 2889 914 2933 me
938 2875 998 2934 hoc
1022 2876 1174 2935 credere?

420 2985 482 3044 Vin
506 2987 587 3045 satis
611 2986 795 3058 quaesitum
818 2986 900 3045 mihi
924 2988 1008 3047 istuc
1032 2990 1127 3048 esse?

176 3098 226 3158 Ad
256 3099 326 3158 vin
353 3099 463 3158 satis
488 3099 730 3171 quaesitum
754 3101 943 3160 annotatur:
972 3102 1052 3175 „hoc
1074 3104 1181 3161 totum
1204 3119 1261 3176 pro
1284 3118 1350 3162 una

175 3228 313 3286 persona
336 3213 467 3285 quidam
491 3212 634 3286 legunt.”
659 3212 748 3272 Haec
771 3228 925 3285 quorsum
948 3215 1135 3287 pertinent?
1177 3196 1179 3201 ⁵

221 3441 258 3517 V,
281 3443 309 3516 7,
332 3442 384 3501 55.
408 3441 578 3515 „Malum
598 3441 787 3500 adverbium
800 3445 851 3500 est
863 3442 1072 3516 interpositae
1086 3443 1348 3518 indignationis'’

176 3554 375 3614 Vocabulum
395 3554 683 3628 interpositae
704 3555 890 3628 corruptum
906 3555 1042 3614 videtur.
1060 3556 1111 3616 An
1123 3557 1206 3617 forte
1225 3558 1348 3617 inter·

177 3667 387 3742 positum?
418 3668 500 3727 Nam
532 3682 697 3740 nunquam
728 3667 792 3726 ista
822 3668 1002 3729 interiectio
1033 3670 1187 3730 malum
1209 3672 1349 3746 primam

177 3781 301 3840 obtinet
323 3781 505 3840 sententiae
529 3780 649 3838 sedem.

222 3895 274 3953 69.
314 3895 405 3969 „lpse
441 3891 592 3953 confitere
622 3893 716 3951 uxori
746 3895 822 3952 tuae
854 3895 937 3966 quod
969 3895 1142 3971 deliquisti,
1175 3913 1215 3956 ne
1246 3863 1301 3956 illa
1332 3915 1348 3957 e

178 4009 371 4069 Phormione
395 4008 525 4067 audiat”
550 4007 707 4081 Demipho
732 4000 938 4068 Chremetem
962 4013 1073 4070 monet

336 4123 439 4196 „Tum
463 4121 549 4179 hunc
572 4122 772 4194 impuratum
796 4122 975 4194 poterimus
998 4126 1108 4183 nostro
1131 4125 1227 4184 modo

332 4235 484 4294 Ulcisci.'’

180 4349 250 4409 soh.
275 4350 428 4408 Nostro
452 4348 569 4407 modo
593 4347 759 4418 ulcisci]
789 4349 935 4422 „ingenio
959 4351 1114 4410 scilicet.”
1139 4354 1233 4413 Haud
1257 4356 1350 4414 dubie

179 4466 327 4536 corrupta
350 4464 429 4521 haec
453 4464 545 4520 sunt:
571 4461 743 4533 requiritur
766 4462 882 4534 aliquis
906 4463 1094 4526 infinitivus
