3234 5254
731 748 791 805 187

176 931 220 990 sic
250 932 338 992 enim
366 931 403 991 fit
433 949 532 1005 quum
563 949 700 1008 persona
726 949 782 1007 pro
805 949 943 1008 persona
966 933 1005 992 ad
1030 933 1345 992 commendationem

175 1045 337 1105 affertur.”
369 1047 475 1105 Immo
506 1062 582 1105 vero
612 1062 793 1120 persona
822 1063 893 1121 pro
918 1062 1053 1122 causa,
1078 1062 1142 1105 non
1164 1061 1345 1120 persona

175 1175 243 1232 pro
274 1175 463 1235 persona.
495 1159 623 1219 Etenim
654 1176 878 1234 personam
908 1176 979 1235 pro
1011 1176 1138 1220 causa
1168 1160 1214 1219 ad
1247 1175 1343 1220 com-

175 1274 486 1333 mendationem
518 1275 657 1333 afferunt
688 1275 840 1348 materen,
874 1274 928 1347 qui
959 1273 1160 1347 argumentis
1187 1273 1282 1332 diffisi
1306 1273 1345 1332 ad

174 1402 283 1459 preces
307 1387 495 1460 confugiunt
518 1389 550 1446 et
577 1403 670 1460 ,mea
694 1402 791 1446 causa
814 1403 868 1446 reo
892 1387 1070 1460 1111011111Η
1095 1387 1214 1448 dicunt.

218 1609 241 1684 I,
270 1610 297 1684 1,
325 1610 365 1668 10
390 1625 457 1682 sqq.
482 1610 574 1684 ,Noli
595 1611 778 1669 amatorum
800 1626 996 1683 quemquam
1017 1610 1176 1670 eximium
1195 1610 1345 1669 habere.”

175 1724 254 1796 Syra
277 1739 359 1782 anus
383 1723 565 1783 Philotium·
583 1726 704 1799 monet,
730 1725 790 1784 hoc
814 1728 1004 1798 argumento
1029 1741 1104 1784 usa:

305 1837 389 1896 Nam
412 1853 507 1896 nemo
531 1838 660 1897 illorum
685 1838 865 1913 quisquam,
892 1839 982 1913 scito,
1008 1839 1047 1897 ad
1071 1842 1104 1898 te
1127 1839 1226 1913 venit,

306 1949 388 2024 Quin
412 1951 458 2010 ita
481 1955 572 2026 paret
595 1968 639 2026 se,
666 1953 778 2011 abste
802 1953 839 2010 ut
861 1952 1027 2011 blanditiis
1051 1953 1128 2028 suin,

306 2063 409 2138 Quam
433 2065 570 2125 minimo
593 2066 696 2139 pretio
720 2081 815 2124 suam
841 2066 1041 2140 voluptatem
1066 2067 1204 2141 expleat.

306 2178 439 2238 Hiscine
463 2182 507 2254 tu,
534 2180 659 2254 amabo,
685 2195 749 2238 non
774 2181 885 2238 contra
909 2179 1124 2239 insidiabere?

216 2291 265 2350 Ad
289 2307 338 2351 vs
366 2293 403 2350 11
430 2293 621 2352 annotatur:
649 2293 729 2366 ,hoc
751 2293 888 2351 verbum
910 2294 1032 2366 paret
1051 2294 1224 2352 adversum
1244 2293 1346 2351 muni-

175 2404 251 2464 ficos
292 2407 325 2464 et
359 2407 506 2479 segnes.”
543 2406 711 2480 ingeniose
745 2421 802 2480 pro
837 2405 1068 2466 munificos
1102 2407 1348 2466 Westerhovius

173 2519 401 2578 nullificos
425 2520 569 2602 coniecit.

217 2633 267 2691 Ac
297 2648 346 2691 vs.
382 2633 439 2691 13:
469 2632 656 2702 Hiscinel
685 2629 852 2710 ῃέρώτησις,
876 2635 907 2693 id
932 2636 982 2692 est
1005 2633 1133 2693 talibus.
1159 2634 1198 2692 Et
1222 2633 1294 2692 vide
1320 2634 1348 2692 si

173 2746 305 2819 pulchra
340 2746 497 2804 meretrix
532 2747 613 2804 est.’'
650 2745 751 2806 Vide
787 2749 972 2821 corruptum
1004 2747 1139 2807 videtur.
1172 2748 1264 2806 Hanc
1295 2763 1346 2806 ex·

175 2862 301 2933 spectes
326 2860 540 2919 sententiam:
569 2860 708 2934 ,bonurn
734 2860 794 2920 hoc
819 2861 918 2934 Syrae
942 2859 1122 2935 consilium,
1144 2861 1172 2918 si
1192 2862 1348 2920 meretrix

174 2973 307 3048 pulchra
339 2975 420 3033 est.''
446 2974 597 3049 Suspicor
621 2989 695 3047 ergo
719 2990 775 3048 pro
799 2974 894 3033 vide
917 2974 1088 3048 legendum
1113 2990 1184 3034 esse
1208 2975 1223 3033 1
1229 2975 1346 3033 acilo.

221 3089 270 3147 17.
296 3089 410 3162 ,Bene
433 3088 507 3161 quia
524 3103 588 3146 non
603 3089 774 3162 persuasit,
790 3089 846 3146 sed
859 3089 1012 3147 affectum
1025 3088 1142 3147 doloris
1156 3089 1348 3162 expressit.’'

173 3202 371 3260 Eiiciendum
403 3202 483 3260 sed.
508 3201 695 3276 Explicatur
721 3202 807 3260 enim
833 3201 954 3261 scholio
979 3217 1034 3260 cur
1058 3202 1139 3276 Syra
1162 3202 1265 3260 eheu
1288 3217 1348 3260 me

173 3315 373 3373 miseram
398 3315 568 3374 exclamet.

220 3539 243 3613 I,
278 3539 306 3613 2,
343 3539 392 3597 19.
425 3539 523 3597 Nam
556 3538 649 3598 illic
673 3538 780 3597 haud
804 3538 981 3613 licebat,
1007 3537 1090 3596 nisi
1114 3537 1349 3613 praefinito

174 3652 310 3724 loqui]
357 3651 493 3726 „legitur
532 3653 565 3710 et
600 3652 683 3726 illi,
721 3653 757 3710 ut
791 3652 834 3710 sit
869 3651 1096 3710 circumflexus
1131 3653 1283 3711 accentus
1318 3653 1350 3710 et

173 3764 332 3839 significet
356 3766 449 3824 illic
472 3769 508 3825 ut

564 3880 614 3938 Illi
638 3896 713 3939 mea
735 3880 845 3939 tristia
867 3880 962 3939 iacta.

174 3994 214 4053 Et
237 3993 422 4053 absolutum
446 3994 527 4053 est.”

219 4107 480 4177 Praesinito]
508 4107 618 4181 ,deest
641 4109 848 4181 tompore,
875 4109 931 4166 aut
954 4108 1029 4180 quid
1052 4107 1148 4166 tale.”

218 4221 330 4295 Inepte
364 4220 599 4293 praefinito
634 4221 709 4280 novi
745 4220 859 4280 scholii
893 4221 1016 4280 iactum
1051 4222 1100 4280 est
1131 4220 1262 4279 lemma.
1294 4221 1349 4279 Le-

173 4333 314 4406 gendum
347 4349 478 4393 censeo:
513 4336 566 4409 ,et
589 4334 773 4393 absolutum
798 4335 848 4394 est
871 4334 1122 4408 praefinito,
1149 4334 1239 4392 deest
1262 4333 1349 4391 enim

175 4447 364 4521 tempore
388 4449 444 4506 aut
467 4447 542 4520 quid
565 4447 662 4506 tale.”

221 4560 272 4618 22.
307 4561 382 4619 Sed
414 4560 510 4633 quid
539 4560 614 4620 hoc
638 4561 827 4633 negotia]
856 4561 928 4635 ,hic
951 4561 990 4619 ad
1014 4562 1242 4634 argumentum
1266 4575 1351 4617 nunc
