3254 5274
806 608 845 666 16

238 799 278 857 ad
309 813 348 858 ea
377 812 459 871 quae
490 797 625 857 iamiam
656 796 827 871 rogaturus
858 796 964 854 sum’'.
997 795 1271 871 Interrogationes
1298 798 1408 857 autem

238 927 352 971 omnes
386 911 461 970 illae
495 925 609 971 vocem
643 909 774 969 talem
808 923 924 968 versus
957 910 1017 968 161
1050 909 1235 985 respiciunt.
1269 909 1303 969 Si
1333 925 1409 971 vero

237 1022 391 1099 fingimus
429 1023 649 1084 sollicitat
683 1023 736 1083 hic
771 1037 842 1082 esse
880 1024 932 1097 ,te
966 1037 986 1081 a
1019 1037 1073 1082 me
1109 1023 1288 1084 abstrahit'’
1324 1025 1409 1083 10010

237 1141 358 1200 habent
381 1138 499 1199 omnia.

285 1254 347 1313 164
371 1267 418 1325 sq.
444 1252 509 1310 Sua
532 1250 615 1311 dona
638 1252 887 1312 enumeraturus
911 1250 1069 1310 Phaedria
1091 1251 1139 1311 sic
1161 1251 1290 1326 incipit:

437 1366 523 1425 Num
546 1365 635 1426 solus
658 1364 712 1424 1110
736 1365 820 1424 dona
844 1364 924 1424 dat?
947 1364 1094 1424 Nuncubi
1115 1381 1226 1425 meam

438 1479 679 1555 Benignitatem
702 1479 835 1539 sensisti
858 1478 892 1538 in
913 1480 947 1540 te
971 1479 1122 1540 claudier.

237 1595 375 1656 Vetusta
405 1594 485 1654 haec
516 1595 567 1655 est
598 1593 703 1669 lectio,
736 1593 770 1652 in
800 1607 864 1666 qua
895 1591 1036 1653 claudi
1068 1595 1119 1654 est
1144 1608 1224 1653 non
1245 1596 1408 1668 patere;

239 1700 1409 1786 011010011003101011010,110100111031111010000101111010

238 1824 449 1896 (claudicare).
471 1825 573 1901 Quam
585 1825 662 1885 licet
673 1825 842 1885 defendere
855 1841 914 1901 ego
927 1827 1039 1886 contra
1050 1841 1255 1886 summorum
1266 1825 1409 1884 virorum

238 1939 466 2000 auctoritatem
497 1940 607 2016 nolim,
640 1942 753 2000 tamen
783 1955 887 2013 neque
918 1941 1036 2000 reticeo
1068 1941 1102 2000 in
1132 1940 1187 2001 illo
1219 1939 1410 2000 claudier

238 2069 309 2113 esse
340 2055 424 2128 quod
454 2053 540 2113 male
571 2069 624 2113 me
655 2054 782 2114 habeat.
815 2054 965 2114 Afferunt
995 2055 1081 2114 hunc
1112 2053 1274 2114 Ciceronis
1303 2052 1410 2112 locum
1501 2103 1502 2108 ,

238 2168 287 2237 (de
312 2163 371 2227 Off.
396 2168 436 2243 II,
461 2169 529 2238 15):
557 2167 642 2242 ,Nec
664 2168 712 2228 ita
735 2167 912 2228 claudenda
935 2170 986 2228 est
1008 2184 1060 2228 res
1084 2167 1254 2228 familiaris
1277 2168 1315 2226 ut
1338 2181 1411 2226 eam

237 2280 420 2355 benignitas
444 2280 567 2355 aperire
590 2296 654 2340 non
676 2282 789 2357 possit,
815 2297 875 2341 nec
898 2281 944 2341 ita
967 2282 1140 2341 reseranda
1158 2282 1196 2339 ut
1214 2282 1326 2354 pateat
1345 2295 1408 2339 om·

237 2394 364 2455 nibus”.
405 2395 465 2454 Sed
501 2394 544 2453 ibi
575 2394 682 2468 imago
714 2395 770 2454 illa
799 2394 903 2454 multo
935 2394 1116 2469 elegantius
1147 2396 1179 2454 01
1209 2393 1330 2453 rectius
1361 2394 1411 2452 est

239 2509 390 2568 adhibita.
422 2508 463 2567 Et
493 2509 603 2567 1103110
631 2508 772 2567 Terentii
802 2508 872 2568 1000
903 2509 1043 2568 Tulliani
1073 2507 1197 2567 ratione
1220 2507 1331 2567 habita
1354 2520 1409 2581 pro

239 2624 279 2681 111
312 2625 353 2682 10
387 2621 582 2696 requirimus
616 2621 706 2681 tibi.
739 2621 906 2696 BentleJ'us
929 2621 1081 2683 coniecit:
1107 2619 1408 2695 intercludier,

239 2738 322 2810 quod
344 2751 460 2810 parum
483 2735 660 2795 verisimile
683 2737 812 2810 propter
835 2735 933 2794 Andr.
959 2736 1041 2796 573:

415 2850 495 2910 Nolo
518 2849 578 2909 tibi
600 2846 704 2908 ullum
728 2849 935 2908 commodum
959 2848 992 2907 in
1015 2864 1069 2907 me
1093 2847 1242 2922 claudier,

238 2964 292 3023 ubi
316 2964 356 3022 111
378 2979 440 3023 1110
464 2963 655 3023 claudier
678 2963 805 3038 legitur,
831 2963 973 3021 0110010
996 2961 1086 3021 tibi.

282 3092 331 3136 vs.
359 3078 420 3137 165
445 3093 513 3151 sqq.
561 3075 650 3135 Haec
673 3091 748 3150 ergo
770 3073 926 3134 beneficia
948 3090 1008 3134 sua
1032 3075 1145 3134 Thaidi
1165 3074 1198 3133 in
1217 3073 1411 3134 memoriam

239 3192 371 3250 revocat
393 3190 567 3250 Phaedria:

416 3304 528 3364 Nonne
551 3303 606 3362 ubi
629 3303 676 3362 mi
700 3302 782 3362 dixti
806 3318 921 3378 cupere
944 3306 977 3364 te
1001 3320 1043 3363 011
1066 3303 1238 3377 Aethiopia

416 3417 622 3494 Ancillulam,
647 3417 771 3478 relictis
795 3417 890 3481 rebus
914 3417 1063 3476 omnibus

417 3531 591 3620 Quaesivi?
614 3547 707 3606 porro
730 3531 921 3591 Eunuchum
946 3531 1028 3591 dixti
1052 3531 1199 3606 vellete,

417 3645 497 3721 Quia
520 3645 607 3705 solae
630 3647 766 3706 utuntur
788 3646 839 3704 his
862 3646 1008 3720 reginae:
1033 3645 1166 3720 repperi.

240 3760 361 3820 Omnes
402 3760 518 3819 horum
559 3775 715 3819 versuum
744 3759 869 3834 lepores
900 3760 1048 3818 accurate
1079 3759 1200 3818 indicat
1231 3759 1412 3819 Scholiasta

239 3873 439 3933 annotando:
479 3872 577 3948 ,Vide
616 3873 889 3946 quemadmodum
928 3871 1080 3932 exhibeat
1107 3874 1203 3946 atque
1238 3888 1412 3933 aerumnas

239 3987 300 4048 sibi
324 3986 586 4047 difficillimorum
608 4001 782 4046 munerum
802 3987 888 4046 dicat
907 3985 1101 4060 imposuisse
1121 3986 1335 4046 meretricem.
1356 3986 1412 4045 Ex

238 4101 468 4176 Aethiopia
503 4100 755 4160 ancillulam
786 4100 891 4172 inquit
922 4100 1033 4159 dixti
1064 4102 1104 4159 10
1136 4115 1298 4174 cupere.
1332 4100 1412 4176 Quid

240 4230 297 4288 ego
317 4215 379 4274 feci
398 4195 432 4273 in
450 4229 485 4273 re
505 4213 585 4274 coeli
605 4215 638 4274 et
658 4213 736 4274 solis
756 4215 789 4273 01
804 4229 905 4288 paene
919 4214 1004 4274 orbis
1017 4213 1175 4273 alterius?
1196 4212 1410 4288 quaesivi,

239 4345 303 4389 non
334 4330 421 4389 enim
444 4329 478 4389 in
501 4330 652 4404 promptu
676 4330 754 4389 erat.
779 4328 899 4388 Deinde
923 4344 987 4389 non
1010 4329 1133 4403 petiisti
1156 4330 1213 4388 sed
1237 4328 1409 4403 dixisti,

239 4460 299 4505 nec
321 4445 404 4504 velle
427 4446 460 4504 te
484 4444 540 4503 sed
565 4427 732 4520 cupere,
758 4458 822 4502 non
845 4443 972 4517 nigram
995 4444 1052 4502 sed
1075 4459 1117 4503 ex
1139 4442 1327 4520 Aethiopia;
1353 4457 1412 4504 nec
