3234 5254
719 687 781 745 193

159 886 281 946 senem,
306 872 343 931 ut
364 872 492 931 invidos
515 873 636 932 faceret
648 874 702 948 qui
721 889 800 933 vera
819 874 1055 948 prodiderant.”
1076 873 1137 933 Pro
1159 874 1337 932 honeste

159 985 287 1060 legatur
320 985 509 1045 honesti:
547 1002 611 1045 non
646 987 734 1047 enim
768 988 874 1047 fuerat
908 989 1001 1062 turpe
1035 987 1241 1047 mendacium
1275 1003 1338 1059 quo

159 1099 283 1158 Laches
317 1115 397 1159 usus
432 1102 510 1159 erat.
545 1101 606 1160 Sed
636 1101 712 1173 quid
743 1102 806 1161 isto
839 1117 936 1175 ergo
967 1102 1206 1160 revocanda
1235 1117 1339 1160 uxor

159 1214 225 1271 est
248 1213 367 1272 faciam
389 1228 454 1272 non
477 1214 581 1273 video.

204 1329 257 1386 43.
296 1327 350 1402 „Si
381 1342 480 1386 sanus
513 1329 559 1386 sis
590 1328 663 1386 iube
694 1328 785 1388 illam
816 1329 940 1388 redire’'
965 1329 1116 1388 Lachetis
1140 1329 1239 1388 verba
1262 1330 1339 1388 suni

159 1441 200 1500 ad
235 1441 438 1515 Phidippum.
477 1442 567 1501 Schz
605 1442 645 1500 Si
676 1457 805 1501 sanus
836 1444 915 1513 sis]
945 1459 1028 1517 „non
1053 1458 1128 1516 ergo
1152 1443 1263 1517 culpae
1289 1445 1340 1502 est

159 1554 211 1612 cui
241 1556 279 1613 ut
309 1555 419 1614 redeat
446 1555 555 1629 iubere
579 1557 718 1629 potest.'’
743 1556 804 1614 Pro
829 1556 977 1630 culpae
1002 1557 1072 1630 lego
1096 1557 1137 1615 in
1161 1557 1283 1630 culpa
1307 1557 1340 1615 91

158 1667 299 1726 iuberi
329 1684 386 1742 pro
413 1668 575 1728 iubere:
604 1669 636 1726 Si
660 1669 822 1743 Pamphili
845 1685 927 1728 uxor
950 1670 1053 1728 iuberi
1077 1685 1095 1728 a
1118 1671 1209 1744 patre
1232 1671 1340 1744 potest

151 1781 263 1840 redire
294 1781 334 1840 ad
365 1783 530 1857 maritum,
563 1785 696 1857 apparet
728 1799 800 1842 earn
831 1784 865 1842 in
896 1784 989 1857 culpa
1020 1799 1084 1842 non
1108 1799 1179 1843 esse
1204 1785 1236 1843 91
1259 1783 1339 1842 nihil

157 1895 276 1954 fecisse
299 1896 383 1967 quod
406 1896 653 1955 matrimonium
677 1897 860 1957 necessario
884 1897 1132 1971 inperpetuum
1156 1898 1296 1956 dirimat.

204 2009 246 2066 49
279 2023 325 2081 sq.
359 2007 494 2082 Cognita
524 2010 738 2069 adolescentis
768 2009 930 2084 Pamphili
962 2011 1167 2070 contumacia
1195 2011 1336 2084 indigna-

158 2121 286 2180 bundus
310 2137 411 2181 senex
436 2123 628 2197 Phidippus:
1216 2122 1217 2126 ’

337 2235 407 2294 Non
425 2209 549 2295 credidi
573 2236 683 2309 edepol
707 2236 785 2295 adeo
810 2236 1025 2296 inhumanum
1048 2238 1127 2296 1919.

279 2379 281 2386 >
338 2350 391 2408 Ita
412 2365 498 2408 nunc
522 2350 550 2407 is
573 2350 635 2408 sibi
659 2365 712 2407 me
737 2349 994 2423 supplicaturum
1017 2351 1135 2423 putat?

160 2463 252 2521 Sch:
285 2463 368 2521 sibi
399 2466 478 2533 me]
514 2463 565 2537 „id
597 2465 647 2522 est
671 2479 788 2536 genero
811 2478 969 2538 socerum,
994 2463 1048 2522 vel
1071 2463 1241 2539 Pamphilo
1265 2465 1336 2523 Phi-

160 2577 303 2651 dippum,
335 2577 388 2635 vel
418 2578 447 2635 si
478 2577 553 2650 quid
583 2577 648 2636 tale
676 2577 870 2636 inveneris’'
896 2577 933 2636 In
957 2577 1075 2650 ineptis
1098 2579 1187 2636 hisce
1211 2579 1278 2637 vel
1301 2579 1337 2636 si

160 2691 258 2762 quid
282 2690 369 2748 tale
389 2690 610 2749 inveneris
630 2691 731 2749 latere
750 2691 912 2765 suspicor:
933 2690 999 2750 vel
1019 2707 1161 2751 senem
1181 2691 1335 2751 iuveni.

158 2802 230 2862 Hoc
253 2803 341 2861 enim
364 2803 471 2862 solum
495 2803 571 2861 addi
595 2801 695 2862 etiarn
719 2805 836 2878 potest.

205 2917 257 2976 61.
289 2915 509 2976 Postremo
540 2917 654 2975 inter
677 2933 719 2977 se
743 2918 1008 2990 transigant]
1037 2933 1121 2992 „non
1145 2919 1233 2977 enim
1256 2919 1337 2978 haec

158 3032 272 3091 votiva
305 3034 390 3106 sunt,
428 3031 543 3104 quibus
578 3032 736 3091 interesse
771 3033 940 3091 delectet.'’
977 3033 1130 3091 Potestne
1162 3033 1337 3100 votivus

160 3147 249 3205 idem
271 3145 338 3204 fere
361 3144 544 3218 significare
568 3146 652 3218 quod
686 3145 919 3205 iucundus?

205 3375 257 3450 IV,
277 3377 309 3458 ,1,
335 3376 384 3434 16.
406 3375 605 3449 Tempore
626 3377 710 3443 suo]
735 3375 892 3449 „...quia
911 3377 944 3433 et
963 3373 1102 3448 septimo
1122 3389 1235 3433 mense
1247 3372 1338 3432 nasci

159 3489 297 3548 solent.’'
344 3488 392 3546 Ex
437 3489 497 3546 hoc
542 3487 673 3562 scholio,
717 3487 870 3560 quoniam
911 3487 1074 3546 sincerum
1117 3489 1176 3562 est,
1220 3486 1337 3546 melius

160 3602 261 3661 etiarn
290 3617 388 3674 quam
423 3618 464 3661 ex
498 3601 553 3660 illo
588 3601 628 3660 ad
658 3601 714 3676 HI,
748 3602 777 3675 3,
810 3601 851 3659 33
884 3602 1016 3674 apparet
1048 3601 1338 3660 commentatorem

160 3717 248 3775 recte
283 3715 507 3788 quaestionem
542 3715 580 3773 de
611 3714 778 3773 mensibus
809 3714 1018 3773 intellexisse.
1053 3715 1105 3773 Sic
1135 3717 1246 3773 autem
1277 3713 1337 3772 sol-

159 3829 264 3888 vitur:
299 3830 326 3888 1.
359 3829 451 3888 Nunc
481 3828 597 3887 abhinc
627 3843 746 3886 novem
777 3841 907 3886 menses
939 3841 1124 3901 compressa
1156 3829 1206 3886 est
1235 3827 1336 3899 virgo.

162 3945 191 4003 2.
224 3944 347 4003 duobus
377 3943 545 4002 mensibus
575 3944 657 4017 post,
690 3958 765 4016 ergo
796 3957 881 4000 nunc
912 3941 1028 4000 abhinc
1058 3943 1184 4015 septem
1207 3955 1338 3999 menses

161 4058 271 4132 nupsit
313 4051 494 4131 Pamphilo
535 4058 565 4115 3.
608 4057 727 4115 iterum
770 4055 893 4114 duobus
935 4055 1102 4114 mensibus
1144 4056 1226 4129 post,
1263 4069 1338 4128 ergo

161 4187 246 4231 nunc
288 4172 404 4231 abhinc
442 4172 581 4244 quinque
616 4185 754 4244 menses
791 4163 981 4243 Pamphilus
1014 4169 1157 4242 primum
1192 4183 1266 4227 cum
1301 4183 1339 4227 ea

162 4301 233 4344 rem
256 4285 378 4344 habuit.

208 4400 259 4458 36.
288 4398 523 4458 Exeuntem
547 4400 618 4457 aut
641 4397 943 4466 introeuntem]
969 4395 1132 4472 „satrapa
1153 4393 1286 4464 διανοίας
1307 4396 1340 4453 91

163 4512 270 4571 mollis
302 4514 369 4571 est:
402 4512 476 4583 quia
506 4511 627 4569 luditur
658 4511 697 4569 de
728 4511 936 4582 sequentibus
968 4511 1007 4569 ad
1035 4509 1207 4568 amicam.'’
1231 4508 1340 4567 Arena

1234 4613 1261 4656 19
