3234 5254
803 703 867 762 212

244 893 427 967 Apollodori
458 893 514 952 sed
545 893 652 962 Latini
683 891 786 952 Ennii.
815 892 855 951 Et
878 892 1017 951 fortasse
1041 908 1083 952 ex
1107 894 1220 952 eodem
1243 894 1332 953 fonte
1355 909 1426 968 pro-

244 1007 391 1064 verbium
416 1006 493 1065 illud
518 1022 580 1079 quo
604 1006 767 1080 parasitus
790 1006 910 1065 utitur:

422 1119 503 1178 Tute
526 1119 587 1178 hoc
610 1119 740 1193 intristi,
766 1119 824 1177 tibi
848 1134 944 1177 omne
968 1120 1019 1177 est
1042 1120 1245 1178 exedendum

244 1232 413 1293 Terentius
444 1234 562 1307 hausit,
588 1233 651 1291 nisi
674 1233 713 1291 de
737 1247 795 1291 suo
819 1230 925 1290 fluxit.
950 1233 1040 1292 Haec
1064 1234 1102 1291 de
1126 1233 1272 1293 Eunuchi
1295 1233 1366 1292 loco
1391 1234 1428 1292 in

243 1347 409 1422 Andriam,
442 1346 544 1419 deque
574 1346 668 1404 Ennii
699 1346 847 1404 versibus
871 1345 904 1403 in
928 1346 1159 1406 Phormionem
1183 1347 1354 1406 translatis
1377 1347 1427 1406 ita

243 1461 335 1519 nobis
370 1476 389 1519 a
424 1461 604 1520 Scholiasta
634 1460 806 1519 traduntur
836 1460 873 1518 ut
903 1461 1012 1518 nullus
1044 1461 1089 1520 sit
1120 1461 1287 1520 dubitandi
1320 1461 1424 1520 locus,

243 1574 330 1648 Quae
361 1574 389 1633 si
421 1575 471 1632 cui
502 1587 604 1646 pauca
627 1573 807 1647 videantur,
832 1588 896 1631 non
921 1588 978 1645 ego
1004 1573 1068 1632 huc
1090 1574 1275 1647 confugiam
1299 1577 1336 1634 ut
1359 1576 1422 1634 for-

242 1691 331 1746 tasse
355 1687 419 1746 alia
442 1704 483 1746 ex
507 1687 569 1746 hoc
591 1702 707 1760 genere
732 1686 883 1759 exempla
905 1687 1041 1759 periisse
1065 1687 1188 1746 dicam:
1214 1688 1317 1747 immo
1337 1688 1426 1748 ultro

242 1801 346 1861 fateor
380 1802 472 1874 plura
507 1816 548 1859 ex
580 1801 693 1860 eodem
724 1816 841 1874 genere
870 1801 903 1859 in
926 1800 1059 1873 antiquo
1083 1802 1318 1861 commentario
1340 1803 1426 1862 mihi

242 1916 327 1974 lecta
349 1915 450 1974 fuisse
474 1931 538 1974 non
561 1907 672 1988 uideri,
699 1914 760 1972 Sed
783 1913 947 1986 permulta
971 1912 1043 1987 alia,
1069 1928 1151 1986 quae
1176 1916 1288 1974 tamen
1309 1916 1425 1974 eodem

242 2028 378 2088 tendant
412 2028 530 2101 omnia,
567 2028 653 2085 idem
687 2042 746 2085 nos
781 2028 891 2086 docet:
928 2041 1010 2099 quae
1042 2027 1170 2100 singula
1200 2043 1304 2101 neque
1327 2029 1426 2103 plane

242 2143 330 2201 certa
365 2157 468 2213 neque
502 2140 613 2213 magni
644 2140 804 2198 momenti
827 2140 930 2198 videri
954 2139 1089 2214 possint,
1116 2141 1287 2200 coniuncta
1309 2144 1426 2201 tamen

241 2259 274 2315 et
297 2255 488 2314 firmissima
511 2256 588 2312 sunt
611 2256 643 2312 et
666 2255 871 2327 gravissima.
897 2254 1026 2312 Etenim
1051 2255 1306 2328 quotiescunque
1327 2257 1424 2316 Scho-

241 2369 339 2428 liasta
362 2368 549 2427 Terentium
576 2368 709 2442 „mire”
733 2367 957 2442 „artificiose”
979 2368 1149 2440 scripsisse
1170 2369 1299 2444 iudicat,
1322 2370 1424 2429 simul

242 2483 323 2541 mihi
347 2481 528 2555 significare
551 2482 678 2540 videtur
702 2480 860 2539 cumillis
880 2480 959 2540 locis
980 2481 1019 2539 ab
1040 2481 1219 2554 exemplari
1238 2496 1298 2541 suo
1318 2497 1423 2541 reces-

242 2598 334 2656 sisse.
378 2597 615 2669 Nonnunquam
658 2595 788 2654 disertis
830 2594 907 2654 illud
950 2595 1028 2654 dicit
1070 2595 1187 2654 verbis.
1231 2597 1281 2656 Ad
1320 2596 1423 2655 Andr.

241 2711 278 2786 V,
304 2713 334 2786 3,
361 2712 420 2770 20:

463 2825 596 2900 Domus,
621 2839 713 2898 uxor,
738 2823 830 2881 liberi
853 2823 978 2882 inventi
1002 2823 1104 2882 invito
1128 2824 1220 2896 patre

241 2942 433 2999 annotatum
465 2939 667 2998 invenimus:
693 2937 796 3012 „mira
818 2936 979 3009 gravitate
1003 2951 1119 2995 sensus
1144 2937 1249 2995 elatus
1274 2939 1333 3011 est,
1359 2953 1422 2996 nec

242 3053 280 3111 de
303 3053 485 3127 Menandro,
511 3053 567 3112 sed
590 3051 756 3125 proprium
780 3050 955 3108 Terentii.”

159 3197 221 3272 113
285 3167 335 3226 nu
357 3166 448 3225 noer.
473 3166 525 3239 rv,
553 3167 589 3224 r:

556 3219 585 3283 Λ
841 3278 916 3351 ipsa
939 3277 968 3335 si
992 3277 1100 3350 cupiat
1124 3277 1227 3351 Salus,

419 3393 554 3454 Servare
576 3406 708 3465 prorsus
731 3407 796 3449 non
819 3392 927 3464 potest
950 3390 1034 3448 hanc
1056 3389 1226 3448 familiam.

244 3507 347 3581 „Hinc
376 3506 452 3564 licet
482 3505 656 3564 aestimare
689 3505 847 3576 quantum
879 3504 912 3561 et
939 3501 1054 3560 coloris
1079 3501 1307 3575 etgravitatis
1334 3503 1418 3575 apud

241 3619 428 3678 Terentium
469 3619 512 3677 sit
551 3619 590 3677 ad
625 3617 843 3676 imitationem
879 3614 1105 3674 Caecilianam.
1142 3615 1223 3676 Vide
1258 3619 1417 3689 quantum

240 3734 378 3793 creverit
401 3748 420 3791 1
442 3732 669 3806 superioribus
694 3733 731 3790 ut
754 3731 801 3790 sic
824 3729 963 3788 finiret.”

285 3846 453 3907 Gertiusne
483 3846 658 3920 quidquam
690 3844 824 3918 cogitari
853 3844 985 3916 potest?
1016 3843 1129 3901 Nonne
1154 3844 1241 3902 enim
1265 3845 1318 3904 hic
1342 3843 1415 3904 an-

239 3961 312 4021 cilio
335 3961 506 4034 opponitur
529 3958 699 4018 Terentius
721 3960 891 4030 tamquam
911 3955 998 4015 fideli
1016 3957 1185 4029 interpreti
1204 3959 1299 4030 poeta
1319 3935 1414 4018 verus

240 4076 420 4150 propriique
452 4074 567 4134 coloris
597 4073 742 4130 vindex?
764 4072 877 4130 Nonne
900 4070 961 4129 hoc
985 4070 1062 4129 dicit
1086 4070 1276 4146 Scholiasta,
1301 4072 1412 4132 Teren·

239 4189 332 4264 tium,
358 4204 432 4248 cum
456 4189 523 4246 iam
547 4187 585 4245 ab
609 4185 701 4243 initio
724 4184 958 4242 liberamento
982 4183 1221 4255 exemplaribus
1244 4185 1314 4243 suis
1337 4201 1412 4244 usus

239 4306 335 4378 esset,
360 4301 561 4360 uberrimum
585 4299 681 4356 huius
706 4297 830 4356 consilii
854 4295 978 4369 cepisse
1001 4295 1143 4354 fructum
1168 4312 1243 4355 cum
1262 4297 1410 4357 ultimam

239 4417 394 4475 scriberet
416 4413 584 4473 fabulam?

284 4529 324 4588 Et
354 4526 627 4602 quemadmodum
659 4525 795 4584 Caecilio
826 4524 887 4597 hic,
920 4524 966 4582 ita
989 4522 1065 4582 alibi
1088 4522 1203 4581 Plauto
1226 4523 1408 4583 Terentium
