3234 5254
807 646 869 706 172

248 837 285 894 ut
315 836 460 910 arbitror,
493 837 781 896 subaudiendum.”
807 837 913 896 Immo
936 851 1030 895 vero:
1058 836 1139 910 ,erit
1161 836 1211 895 bis
1235 837 1426 897 arbitror

248 949 536 1010 subaudiendum.'’

294 1063 460 1137 Sequitur:
499 1064 602 1139 ,hanc
635 1077 713 1124 sane
747 1064 947 1124 locutionem
981 1063 1064 1122 scire
1099 1064 1262 1139 debemus,
1294 1066 1427 1140 propter

248 1192 420 1251 personam
452 1177 682 1237 elaboratam.”
715 1178 853 1237 Multum
884 1177 936 1236 hic
967 1178 1126 1237 sudarunt
1156 1177 1275 1252 oritioi;
1307 1193 1426 1237 verum

249 1291 319 1350 dele
348 1291 510 1365 virgulam
540 1293 614 1365 post
644 1291 851 1366 debemus
877 1291 1053 1350 sanissima
1076 1293 1170 1351 erunt
1193 1293 1311 1352 omnia.
1335 1292 1425 1351 Per-

249 1419 351 1464 sona
381 1404 604 1465 elaborata
634 1405 726 1465 nihili
757 1407 816 1480 est,
849 1405 906 1464 sed
930 1404 1049 1464 locutio
1074 1407 1124 1464 est
1147 1405 1310 1465 elaborata
1332 1421 1426 1479 prop-

249 1521 299 1577 ter
328 1533 510 1594 personam,
542 1520 562 1579 1.
584 1535 610 1579 0.
643 1521 680 1578 01
710 1520 855 1579 moribus
886 1519 1058 1578 conveniat
1088 1535 1243 1594 personae
1274 1535 1354 1593 quae
1386 1535 1428 1578 ea

249 1629 361 1691 utitur.

296 1745 385 1818 7sq.

385 1857 437 1935 Sy.
464 1859 488 1919 Ο
509 1858 676 1934 Ctesipho!
694 1858 735 1920 01.
751 1859 775 1919 0
790 1861 885 1933 Syre!
900 1860 1083 1920 Aeschinus
1095 1861 1150 1919 ubi
1163 1861 1236 1919 est?
1251 1858 1304 1935 Sp.
1317 1859 1428 1920 Ellum

829 1975 873 2044 [te
901 1975 1070 2048 exspectat
1093 1974 1189 2034 domi.
1217 1971 1259 2033 Oi.
1283 1973 1378 2034 Hem.

386 2085 438 2162 Sp.
465 2086 545 2161 Quid
564 2088 639 2147 est?
661 2085 703 2147 Oi.
726 2087 806 2162 Quid
825 2087 893 2147 sit?
913 2087 1000 2146 illius
1019 2103 1123 2163 opera,
1139 2088 1227 2162 Syre,
1241 2101 1326 2146 nunc
1339 2086 1427 2162 vivo,

1075 2202 1242 2272 [festivum
1266 2203 1378 2276 caput!

251 2315 297 2374 De
328 2315 534 2374 festivum
566 2317 692 2389 caput
721 2317 894 2389 postquam
925 2316 1008 2374 dixit
1038 2331 1110 2375 esse
1140 2316 1195 2389 qui
1226 2315 1290 2375 11110
1317 2316 1429 2376 verbis

251 2427 426 2502 significari
456 2430 571 2502 putent
601 2444 665 2487 non
695 2428 895 2488 Aeschinum
926 2429 983 2488 sed
1012 2429 1143 2488 initium
1173 2428 1429 2504 orationisque

252 2540 403 2615 Ctesipho
423 2542 533 2617 ut‘tur,
555 2542 635 2601 haec
654 2542 742 2602 addit
762 2542 959 2602 Scholiasta:
983 2543 1086 2616 „quod
1105 2542 1134 2601 si
1154 2543 1213 2618 est,
1226 2541 1307 2601 nihi]
1319 2543 1431 2615 potest

252 2671 350 2729 supra
375 2655 459 2714 hanc
481 2655 710 2731 laudationem,
735 2671 813 2715 nam
836 2671 934 2730 supra
956 2657 1017 2715 hoc
1039 2656 1163 2715 iactum
1186 2655 1248 2715 erit
1271 2655 1429 2729 accipien-

252 2769 362 2828 dum.’'
382 2769 487 2829 Merae
506 2769 674 2830 tenebrae!
696 2769 826 2842 Aliquid
845 2771 957 2828 tamen
976 2769 1058 2828 10010
1078 2768 1192 2829 afferre
1204 2784 1356 2843 possum:
1369 2785 1430 2843 pro

252 2898 378 2957 supra
408 2883 482 2942 hoc
513 2883 673 2942 facturn
705 2882 789 2941 haud
814 2883 924 2942 dubito
948 2883 1026 2956 quin
1050 2883 1144 2957 Syri
1167 2883 1243 2942 hoc
1266 2881 1430 2941 dictum

252 2996 296 3055 sit
329 2996 510 3070 legendum.
546 2996 585 3055 Et
619 2996 758 3055 fortasse
789 2995 837 3054 010
867 2997 957 3055 10100
987 2996 1077 3055 10000
1108 2997 1309 3070 personatur.
1341 2995 1430 3054 Raro

251 3110 339 3169 enim
362 3110 474 3169 100101
497 3110 606 3185 syrus,
632 3125 707 3184 ergo
732 3109 801 3169 eius
824 3109 937 3169 100100
960 3109 1094 3169 maioris
1118 3111 1194 3169 sunt
1212 3108 1308 3183 pretii
1328 3123 1432 3182 quam

252 3224 432 3283 ceterorum
456 3224 611 3283 omnium.

296 3338 387 3410 9sq.

387 3449 469 3524 Quin
500 3450 610 3509 omnia
636 3449 697 3508 sibi
721 3449 922 3523 postputavit
946 3465 1018 3508 esse
1041 3465 1118 3524 prae
1141 3465 1214 3509 11100
1237 3449 1430 3509 commodo:

385 3563 562 3638 Maledicta,
595 3563 727 3638 famam,
760 3579 872 3623 meum
903 3578 1048 3622 amorem
1080 3564 1112 3622 et
1142 3563 1312 3637 peccatum
1335 3562 1369 3621 in
1393 3577 1431 3622 se

1192 3676 1381 3746 [transtulit.

253 3763 451 3852 Scholiasta:
484 3791 582 3865 quin
613 3791 761 3861 omnia]
797 3790 1010 3865 „admirative
1033 3790 1140 3865 quin,
1166 3791 1199 3850 et
1221 3788 1269 3848 010
1290 3804 1429 3863 pronun-

253 3907 401 3966 tiandum
432 3905 518 3981 quin,
546 3901 579 3964 τὸ
602 3901 748 3982 παρέλκοι)
772 3920 874 3978 usque
898 3903 1208 3979 011101011010,
1241 3903 1428 3962 famam.’'

254 4020 506 4095 Corruptissima
539 4019 620 4079 haec
654 4020 750 4092 atque
784 4019 831 4077 sic
866 4019 932 4078 fere
963 4017 1181 4078 emendanda:
1215 4015 1430 4091 ,admirative

255 4137 352 4209 quin
372 4137 403 4194 et
419 4134 714 4209 pronuntiandum''
736 4133 1106 4208 (pronuntiandum
1126 4133 1236 4191 autem
1248 4129 1427 4204 significat:

258 4264 354 4324 „voce
377 4250 535 4323 gestuque
559 4247 678 4307 actoris
698 4246 949 4321 adiuvandum,”
971 4262 1001 4305 v,
1023 4261 1052 4320 p.
1077 4245 1159 4314 105).
1172 4243 1293 4303 Deinde
1306 4259 1428 4304 novum

255 4362 400 4435 sequitur
434 4361 596 4422 scholion:
632 4357 681 4437 „rt
717 4356 864 4438 capitano
894 4375 996 4433 usque
1027 4359 1067 4418 01
1097 4357 1345 4432 maledicta,
1377 4357 1426 4416 fa-

256 4477 392 4549 mam,”
421 4475 441 4537 i.
456 4491 482 4536 e.
518 4476 611 4550 ,post
642 4474 782 4535 omnia
811 4470 947 4552 παρέλκει
977 4472 1224 4546 1101011010,
1256 4471 1425 4545 famam,
