3230 5260
715 658 778 716 149

202 847 252 904 14.
277 845 386 904 Davus
406 845 577 918 conspecto
598 841 768 902 Chremeta
789 842 895 900 subito
915 856 950 900 se
970 840 1091 914 litigari
1111 857 1185 901 cum
1205 843 1328 916 Myside

155 958 294 1042 Glycerii
329 958 454 1033 ancilla,
486 972 568 1030 quae
599 957 695 1016 modo
718 955 820 1030 ipsius
844 955 935 1014 iussu
957 970 1094 1029 puerum
1119 971 1136 1014 1
1159 955 1327 1029 Pamphilo

154 1076 269 1133 natum
293 1075 368 1132 ante
393 1072 534 1131 Simonis
557 1071 679 1131 ostium
699 1068 855 1145 deposuit,
877 1069 1020 1128 simulat.
1042 1070 1102 1128 1111
1121 1072 1231 1129 autem
1252 1063 1328 1143 huid

154 1185 216 1245 sibi
238 1186 309 1245 eius
331 1186 439 1244 minae
463 1186 496 1244 11
518 1184 692 1246 maledicta
711 1183 814 1243 velint
834 1198 898 1242 non
918 1182 1078 1256 intelligit.
1100 1183 1140 1241 Et
1160 1183 1223 1242 alia
1242 1183 1329 1243 servi

152 1300 253 1360 verba
274 1300 352 1359 sunt
375 1300 408 1358 11
430 1299 526 1358 haec:

895 1410 1037 1469 Verbum
1061 1411 1089 1468 si
1113 1409 1194 1469 mihi

297 1525 417 1600 Unum,
441 1527 667 1598 praeterquam
691 1525 775 1598 quod
797 1527 830 1583 te
853 1540 940 1600 rogo,
964 1525 1059 1599 111111,
1086 1539 1173 1582 cave.

153 1640 353 1698 Annotatur:
377 1623 675 1712 praeterquam
700 1638 805 1710 quod
828 1638 868 1696 11
892 1640 1009 1710 rogo]
1034 1637 1114 1711 „hoc
1134 1639 1184 1695 est
1204 1637 1327 1696 sensim

153 1755 186 1812 et
216 1754 254 1811 ut
273 1767 374 1810 senex
397 1752 519 1810 sentiat
541 1750 741 1824 pronuntiari
765 1751 905 1824 potest.’'
931 1749 1089 1824 Quoniam
1112 1749 1207 1822 paulo
1231 1765 1328 1823 supra

153 1866 193 1924 ad
228 1866 361 1938 Mysidis
395 1866 494 1925 verba
527 1882 606 1924 non
640 1867 683 1925 tu
714 1866 829 1939 ipse?
853 1865 1045 1923 annotatum
1069 1866 1119 1923 est
1145 1865 1328 1940 „submissa

153 1981 264 2054 voce,''
292 1980 438 2053 suspicor
461 1979 621 2038 sensim
644 1979 678 2037 in
701 1978 819 2038 vitioso
843 1978 1040 2036 scholiorum
1064 1993 1213 2037 sermone
1237 1992 1326 2037 esse:

156 2091 221 2167 „ita
244 2093 282 2151 ut
305 2092 407 2152 audiri
430 2093 571 2166 possit'’;
595 2093 704 2164 itaque
725 2093 866 2151 estant
887 2091 1058 2150 delendum
1078 2093 1134 2150 aut
1153 2107 1210 2164 pro
1230 2107 1267 2151 1ο
1287 2094 1327 2151 11

152 2206 342 2279 legendum3
374 2208 517 2279 potest
548 2207 659 2265 autem
690 2204 771 2263 Davi
803 2205 926 2263 dictum
950 2205 996 2263 ita
1018 2205 1228 2280 pronuntiari,
1253 2205 1329 2278 quia

152 2334 267 2392 parum
288 2319 424 2378 interest
443 2320 553 2378 utrum
573 2333 674 2377 senex
694 2318 804 2377 audiat
824 2333 865 2376 an
884 2333 956 2376 uon.
971 2317 1165 2376 Praescribit
1177 2317 1264 2376 enim
1277 2318 1328 2377 his

153 2432 261 2491 verbis
283 2431 393 2491 Davus
416 2432 532 2504 Mysidi
556 2432 631 2504 quid
655 2433 684 2490 ei
708 2431 941 2505 elingaudum,
964 2431 1020 2490 sed
1040 2430 1120 2488 nihil
1140 2430 1225 2490 inest
1244 2433 1328 2504 qriod

154 2543 318 2606 Chremeti
353 2544 462 2604 dolum
497 2560 517 2604 a
550 2544 640 2604 Davo
675 2546 836 2604 structum
870 2544 1013 2608 indicet„
1036 2544 1141 2602 Prava
1172 2560 1246 2617 ergo
1277 2546 1328 2603 est

153 2657 372 2718 Westerhovii
396 2656 596 2717 coniectura:
625 2658 705 2732 „hoc
728 2657 851 2717 sensim
875 2659 908 2716 11
931 2673 978 2716 ne
998 2673 1100 2717 senex
1119 2657 1240 2716 sentiat
1258 2674 1326 2731 pro·

153 2771 295 2831 nuntiari
318 2772 440 2844 patet.'’

199 2885 250 2944 28.
287 2884 389 2959 Quid
421 2884 646 2944 clamitas?
678 2884 778 2956 Mysis
809 2886 910 2957 rogat.
944 2884 1127 2943 Annotatur
1153 2883 1327 2958 „clamavit

153 2997 241 3057 enirn
275 2996 385 3056 Davus
419 2999 457 3056 ut
486 3013 623 3071 puerum
655 2997 781 3056 audiret
812 2995 998 3056 Chremes.”
1032 2997 1122 3054 Istud
1153 3011 1326 3069 puerum

153 3111 300 3169 additum
331 3111 408 3182 puto
440 3109 479 3168 ab
511 3125 548 3168 eo
576 3110 631 3182 qui
658 3109 803 3168 scholion
827 3125 891 3169 uon
914 3109 1119 3182 intelligeret.
1144 3109 1215 3166 Non
1239 3108 1327 3167 enirn

154 3241 233 3300 opus
257 3226 307 3284 est
329 3226 366 3283 ut
388 3239 524 3298 puerum
548 3225 658 3284 audiat
681 3223 844 3299 Chremes,
870 3224 1023 3297 quoniam
1043 3224 1125 3282 vidit
1145 3223 1326 3296 tetigitque.

153 3340 205 3398 An
238 3338 299 3397 hoc
332 3337 404 3396 vult
434 3337 631 3397 Scholiasta:
666 3337 795 3412 „Davus
826 3338 969 3396 nondum
993 3338 1080 3396 certo
1104 3336 1166 3397 scit
1190 3352 1209 3395 a
1233 3335 1326 3396 Chre-

153 3452 240 3509 mete
263 3465 399 3524 puerum
421 3450 548 3522 visum3
573 3465 657 3525 ergo,
679 3451 708 3508 si
727 3449 809 3509 forte
829 3464 894 3508 non
913 3449 1039 3523 viderit,
1060 3451 1098 3507 ut
1118 3449 1237 3508 clamet
1248 3465 1327 3523 puer
1391 3424 1394 3429 ¹

154 3563 278 3623 efficere
309 3563 442 3622 conatur
473 3563 550 3621 dum
581 3562 701 3622 clamat
732 3562 832 3635 ipse.”
859 3561 903 3620 At
925 3561 1068 3636 primum
1091 3561 1164 3635 quis
1183 3577 1327 3634 unquam

154 3677 323 3737 clamando
357 3690 469 3735 recens
495 3675 564 3734 nati
586 3675 677 3748 pueri
701 3675 848 3748 vagitum
871 3676 1048 3748 provocat?
1072 3674 1212 3733 Facilius
1237 3675 1326 3733 certi-

153 3805 255 3864 usque
289 3789 376 3848 idern
410 3789 475 3848 levi
509 3789 600 3863 pedis
632 3789 697 3848 ictu
729 3787 798 3848 fieri
821 3790 937 3862 potest.
962 3787 1084 3847 Deinde
1107 3788 1190 3846 hanc
1213 3786 1327 3846 scholii

155 3903 402 3978 explicationem
427 3902 491 3962 alia
513 3902 636 3961 scholia
658 3901 818 3962 refellunt.
843 3901 924 3960 Vide
944 3901 1032 3960 enim
1052 3901 1135 3974 quod
1155 3900 1194 3959 ad
1214 3915 1262 3958 vs.
1285 3900 1325 3958 26

155 4019 203 4076 111
238 4016 454 4089 adscriptum:
489 4016 605 4075 Heml
639 4015 759 4088 quid?
791 4013 1044 4088 Pamphili?]
1081 4014 1232 4086 „apparet
1258 4027 1326 4070 mu-

153 4129 267 4188 lierem
308 4129 445 4188 vestri
487 4131 520 4188 11
553 4128 765 4202 Pamphili
800 4127 920 4187 lentius
955 4125 1190 4200 pronuntiasse,
1228 4141 1326 4198 quam

154 4243 264 4302 Davus
286 4242 394 4318 vellet,
419 4245 452 4302 11
475 4243 545 4302 1111
568 4257 654 4301 nunc
678 4243 708 4311 (l.
733 4242 850 4310 hunc)
875 4241 1030 4314 repetisse
1049 4254 1168 4298 nomen
1187 4237 1326 4298 nostri

155 4359 185 4416 et
204 4355 439 4429 Pamphili''
454 4358 486 4414 11
501 4355 621 4430 „hcm‚
643 4354 762 4427 quid?
782 4352 1004 4426 Pamphili]
1019 4352 1099 4410 duas
1111 4366 1163 4410 res
1176 4353 1326 4425 operatur

154 4469 262 4529 Davus
297 4468 405 4544 simul,
442 4470 475 4527 11
504 4470 541 4527 ut
571 4467 815 4541 ignarissimum
846 4482 881 4526 se
912 4467 1070 4540 ostendat,
1104 4467 1137 4524 et
1167 4467 1203 4525 ut
1234 4464 1324 4522 Pam·
