3234 5254
847 675 908 732 166

337 862 386 920 19.
411 877 479 935 sqq.
904 861 957 920 ille
982 861 1094 920 contra
1117 860 1197 917 haec
1220 857 1329 917 omnia

511 975 589 1034 Ruri
613 990 707 1049 agere
730 975 851 1033 vitam:
877 989 1006 1047 semper
1029 988 1124 1048 parce
1148 987 1186 1031 ac
1208 971 1329 1031 duriter

512 1089 552 1148 Se
575 1088 702 1163 habere,
728 1103 864 1147 uxorem
889 1087 998 1146 duxit:
1024 1087 1092 1145 nati
1115 1084 1182 1145 filii.

290 1199 339 1260 Ad
362 1216 410 1260 vs,
437 1203 478 1262 20
499 1203 688 1261 annotatur:
714 1203 847 1277 „contra
866 1203 946 1260 haec
966 1201 1076 1260 omnia
1095 1200 1268 1259 suffecerat
1287 1199 1456 1260 brevitas.”

290 1314 436 1374 Ridicula
460 1315 636 1389 corruptio:
662 1317 811 1374 contra
834 1316 937 1374 haec
961 1315 1099 1374 omnia
1119 1329 1252 1373 eversu
1274 1314 1313 1372 19
1335 1312 1456 1372 citatur.

291 1427 515 1488 Abiieiendum
535 1443 610 1502 ergo
630 1428 717 1487 istud
735 1428 939 1503 brevitas,
960 1430 997 1486 ut
1016 1428 1096 1486 haec
1115 1429 1267 1486 nascatur
1283 1425 1456 1485 sententia:

294 1557 388 1615 „oum
431 1541 565 1601 dixerit:
602 1541 739 1600 irater
774 1543 924 1601 contra
958 1542 1060 1600 haec
1094 1541 1249 1615 omnia,
1285 1555 1350 1598 non
1385 1553 1458 1612 opus

292 1655 362 1713 erat
392 1651 519 1728 singula
550 1655 646 1713 haec:
678 1655 767 1713 ruri
798 1670 923 1728 agere
951 1654 1101 1729 vitam,
1126 1669 1299 1712 uxorem
1323 1651 1456 1726 duxit,

292 1768 383 1827 nati
413 1766 502 1828 filii
526 1769 747 1828 enumerare.”

337 1881 519 1940 Uxorem
543 1881 683 1950 duxit]
712 1881 950 1954 „adiuvandum
973 1879 1233 1954 pronuntiatione
1258 1880 1316 1953 est,
1341 1894 1381 1937 ne
1402 1878 1458 1936 sin·

294 1995 376 2068 gula,
407 1995 556 2067 utrinque
592 1994 732 2054 assecuti
766 1994 968 2063 videantur.’'
1005 1993 1168 2068 Quomodo
1203 1995 1352 2066 corrupta
1386 1993 1460 2050 haec

294 2108 453 2180 corrigam
477 2124 541 2168 non
564 2107 675 2166 habeo

339 2222 390 2281 32.
416 2237 462 2295 sq.
573 2221 696 2280 Pudore
721 2222 753 2280 et
776 2220 969 2279 liberalitate
992 2220 1109 2280 liberos

574 2335 724 2394 Retinere
748 2334 851 2392 satius
875 2349 947 2393 esse
971 2335 1064 2394 credo
1087 2349 1185 2407 quam
1208 2336 1308 2394 metu.

293 2447 493 2508 Annotutur:
533 2449 706 2522 „pudore
742 2449 781 2507 ad
815 2447 932 2506 liberos
968 2448 1086 2523 retulit,
1122 2447 1395 2530 iiberalitate
1425 2448 1460 2506 ad

294 2545 453 2636 parentes.
478 2564 718 2636 Argumentum
742 2577 761 2620 a
785 2561 996 2634 coniugatis.''
1019 2561 1098 2636 Quid
1118 2561 1235 2620 ultima
1254 2561 1333 2620 haec
1354 2577 1459 2635 argu·

293 2676 479 2735 mentum
502 2691 521 2734 a
545 2675 790 2748 coniugatis
813 2673 1020 2748 significant?
1039 2674 1107 2734 An:
1132 2676 1184 2750 „in
1205 2674 1275 2749 ipsa
1293 2675 1461 2733 verborum

294 2789 495 2863 copulatione
538 2789 624 2848 inest
659 2789 933 2863 argumentum?”
969 2788 1257 2848 Liberalitate
1292 2790 1379 2848 enim
1413 2789 1460 2848 ad·

293 2918 407 2962 versus
430 2902 591 2963 liberos
616 2918 695 2976 opus
719 2918 790 2962 esse
815 2918 857 2962 ex
881 2903 959 2975 ipsis
982 2903 1147 2962 vocabulis
1171 2905 1313 2977 apparet.

338 3019 389 3077 33.
414 3016 520 3091 „Vitia
539 3015 623 3076 filios
640 3018 780 3076 retinent
793 3032 873 3090 quos
885 3018 1027 3076 retinent
1038 3018 1179 3091 patres.''
1192 3018 1277 3092 Lege
1290 3033 1364 3077 cum
1376 3019 1460 3078 Wes-

172 3191 179 3220 ⁸
292 3130 455 3189 terhovio:
487 3130 604 3190 Vitia
634 3131 756 3190 filios
779 3132 937 3190 tenent.
963 3131 1134 3190 Klotziana
1156 3133 1339 3205 praeterea:
1367 3148 1461 3207 „quos

293 3259 314 3302 n
324 3260 341 3302 o
351 3260 372 3301 n
391 3245 532 3303 retinent
551 3246 681 3318 patres''
695 3246 801 3306 habet.
815 3246 971 3319 Equidem
984 3247 1206 3306 huiuscemodi
1218 3246 1296 3306 olim
1308 3246 1408 3306 fuisse
1420 3248 1460 3305 to-

293 3358 365 3416 tum
378 3358 522 3418 scholion
535 3359 697 3433 suspicor:
715 3360 815 3434 „vitia
827 3358 910 3419 filios
919 3362 1039 3435 tenent,
1051 3361 1167 3419 avitiis
1175 3360 1317 3422 retinent
1325 3361 1460 3434 patres‘'

337 3472 388 3530 45.
506 3472 590 3531 Dum
614 3474 645 3532 id
670 3473 826 3536 rescitum
851 3474 890 3532 iri
914 3474 1014 3534 credit
1037 3473 1195 3548 tantisper
1219 3477 1321 3533 cavet.

292 3584 382 3644 Son:
418 3585 517 3660 „bene
547 3588 640 3646 cavet
663 3587 755 3661 quasi
779 3587 900 3646 malo.'’
924 3587 1018 3646 Haud
1043 3587 1136 3646 dubie
1160 3602 1237 3646 vera
1261 3589 1312 3646 est
1335 3587 1460 3660 antiqua

290 3698 385 3759 lectio
409 3700 572 3759 malum.

336 3815 387 3874 50.
420 3814 466 3872 De
497 3815 566 3873 tota
597 3815 657 3873 hac
687 3815 832 3874 Minionis
856 3815 1081 3891 disputatione,
1107 3830 1170 3887 qua
1193 3829 1288 3872 suam
1312 3816 1460 3874 adversus

290 3926 394 3986 filium
429 3928 617 4002 adoptivum
652 3928 822 3987 lenitatem
841 3979 842 3984 ,
858 3928 1007 4003 defendit,
1041 3929 1233 3988 annotatum
1263 3927 1458 3988 invenimus:

292 4045 385 4118 „vide
418 4043 690 4116 quemadmodum
718 4057 815 4100 suum
839 4043 878 4100 ad
902 4042 1136 4117 indulgentiam
1161 4042 1315 4104 affectum
1338 4043 1460 4102 revocet

293 4158 434 4232 optimae
458 4156 677 4230 disciplinae.”
702 4155 856 4215 Potestne
880 4171 1083 4230 revocare
1108 4157 1169 4216 dici
1194 4154 1458 4217 adscribendi

293 4273 415 4330 sensu?
445 4271 515 4330 Hoc
547 4270 633 4330 enim
666 4286 745 4345 opus
773 4271 826 4329 hio
850 4273 916 4329 est:
941 4271 1024 4344 quod
1048 4273 1162 4344 sponte
1185 4272 1262 4331 iecit
1285 4272 1386 4346 Micio,
1410 4269 1460 4343 qui

292 4385 357 4443 leni
388 4384 496 4443 animo
528 4386 624 4442 natus
649 4386 708 4459 est,
734 4384 765 4443 id
789 4399 824 4442 se
848 4384 886 4442 de
910 4384 1069 4443 industria
1091 4385 1207 4463 iecisse
1230 4384 1332 4462 fingit,
1358 4387 1459 4445 ratum

293 4498 376 4556 hanc
399 4513 470 4556 esse
495 4498 653 4571 optimam
678 4497 890 4572 disciplinam.
