3234 5254
780 673 843 732 210

224 863 389 922 Menandri
413 879 530 923 nervos
554 863 593 923 ab
618 878 655 922 eo
679 878 751 922 esse
774 862 929 922 infractos
945 855 975 932 ¹).
1001 862 1171 922 Mittamus
1194 864 1278 923 hanc
1296 880 1403 939 repre-

224 977 414 1036 hensionem
438 979 470 1036 et
494 992 591 1036 suum
614 976 742 1050 utrique
765 976 986 1049 relinquamus
1010 976 1175 1036 iudicium.
1198 978 1258 1036 Sed
1278 980 1404 1037 certam

223 1107 293 1150 rem
324 1092 416 1150 nobis
446 1092 594 1151 tradunt:
627 1105 692 1150 non
719 1091 815 1149 anxie
838 1090 997 1164 pressisse
1020 1089 1208 1150 Terentium
1232 1094 1404 1153 auctorum

223 1221 357 1264 suorum
380 1205 528 1280 vestigia,
554 1220 618 1264 non
642 1205 744 1262 nimia
767 1203 934 1276 diligentia
954 1218 1066 1262 eorum
1086 1205 1243 1264 vocabula
1263 1207 1403 1266 vertisse

121 1367 124 1372 ,
221 1319 345 1379 Latine.
381 1319 421 1378 Et
455 1319 566 1378 dicunt
600 1318 730 1390 quidem
764 1317 826 1375 viri
858 1316 952 1390 docti,
985 1317 1138 1389 qnoniam
1169 1319 1322 1392 perierint
1344 1321 1404 1379 illa

222 1435 372 1507 exempla
395 1449 519 1508 graeca,
544 1433 636 1492 nobis
659 1433 726 1491 iam
746 1447 810 1490 non
830 1432 974 1491 statuere
994 1432 1090 1491 licere
1111 1435 1232 1507 quanta
1251 1434 1402 1494 libertate

220 1548 254 1606 in
284 1549 438 1606 vertendo
470 1563 549 1606 usus
579 1548 622 1606 sit
654 1545 832 1621 Terentius
858 1547 915 1605 sed
938 1546 1022 1605 inter
1045 1547 1142 1622 locos,
1169 1549 1223 1621 qui
1247 1549 1401 1608 111611116-

219 1663 396 1722 tationibus
431 1663 471 1721 ad
502 1663 664 1735 Hecyram
696 1677 737 1720 ex
768 1660 953 1734 Apollodori
984 1661 1112 1734 Hecyra
1140 1662 1289 1738 citantur,
1315 1680 1402 1723 unus

220 1777 271 1834 est
305 1776 359 1848 qui
394 1775 520 1848 egregie
555 1791 624 1834 rem
656 1774 806 1833 illustret.
839 1774 876 1832 ln
904 1774 1032 1846 Hecyra
1055 1774 1102 1832 ΙΙΙ
1126 1791 1170 1835 66.
1196 1777 1216 1834 4
1240 1777 1401 1837 Parmeno

219 1890 416 1963 ablegandus
451 1890 518 1948 est:
554 1904 606 1948 166
635 1887 722 1946 6111111
757 1887 983 1960 inexspectata
1021 1887 1146 1963 accidit,
1184 1862 1275 1948 ouius
1306 1890 1402 1950 illum

219 2006 340 2064 testem
371 2019 443 2062 esse
474 2003 571 2062 herus
604 2003 673 2062 eius
704 2001 894 2076 Pamphilus
926 2001 1064 2059 minime
1088 2002 1176 2060 velit.
1201 2003 1283 2076 Ergo
1306 2003 1402 2062 Pam-

219 2120 327 2193 philus
357 2117 478 2192 fingere
509 2119 651 2192 aliquam
682 2133 753 2176 rem
784 2118 879 2177 debet
908 2117 999 2176 cuius
1023 2133 1121 2176 causa
1145 2133 1219 2176 eum
1243 2119 1400 2178 dimittat.

219 2234 396 2292 Videamus
418 2247 504 2291 nunc
527 2247 642 2291 versus
668 2232 706 2290 17
724 2263 762 2272 -
779 2232 831 2290 27.

342 2345 432 2405 Para.
458 2347 496 2404 In
527 2360 635 2404 arcem
665 2347 852 2404 transcurso
877 2360 956 2417 opus
983 2346 1042 2404 est.
1067 2345 1142 2405 Pur.
1168 2344 1226 2405 Oui
1250 2346 1402 2406 homini?

1145 2459 1247 2530 [Para.
1272 2459 1350 2518 Tibi.

341 2573 416 2632 Por.
460 2574 497 2631 In
522 2587 639 2647 arcem,
665 2571 741 2645 quid
764 2573 825 2630 eo?
848 2571 941 2631 Pom.
967 2570 1212 2632 Callidemidem
1235 2573 1402 2646 hospitem

461 2687 654 2761 Myconium,
680 2685 735 2758 qni
757 2700 888 2744 mecum
911 2669 977 2745 una
1001 2687 1179 2762 advectum,
1206 2687 1350 2746 conveni.

265 2803 316 2860 20.
342 2801 416 2860 Par.
459 2800 553 2874 Perii,
578 2800 708 2859 vovisse
732 2800 818 2858 hunc
842 2799 957 2875 dicam,
983 2801 1012 2858 si
1035 2801 1144 2860 salvos
1168 2801 1301 2860 domum

461 2913 612 2972 Redisset
633 2927 787 2986 unquam,
813 2915 850 2971 ut
873 2928 926 2972 me
951 2913 1145 2973 ambulando
1169 2915 1343 2996 rumperet.

343 3027 434 3087 Pom.
460 3026 539 3100 Quid
564 3027 697 3084 cessas?
721 3024 796 3084 Por.
822 3024 976 3099 Quidvis
1000 3026 1115 3101 dicam,
1141 3043 1182 3086 an
1206 3027 1401 3086 conveniam

1222 3141 1352 3211 [modo?

343 3253 434 3312 Pom.
462 3253 578 3327 lmm0,
604 3253 686 3325 quod
711 3253 865 3312 constitui
889 3253 982 3312 hodie
1007 3255 1242 3313 conventurum
1266 3270 1340 3314 eum

463 3367 534 3426 Non
556 3381 661 3441 posse,
687 3381 803 3425 neme
826 3365 948 3424 frustra
971 3365 1017 3425 illi
1041 3369 1208 3440 exspectet
1221 3386 1228 3440 ;
1253 3369 1335 3428 vola.

268 3483 319 3540 25.
344 3481 420 3541 Pur.
463 3481 507 3539 At
530 3496 594 3539 non
618 3479 693 3539 novi
717 3479 859 3538 hominis
883 3480 1010 3539 16616111.
1035 3480 1126 3539 Pam.
1151 3480 1195 3539 ht
1218 3480 1336 3540 faciam

1186 3596 1234 3666 [ut
1256 3596 1397 3655 noveris.

463 3710 607 3785 Magnus,
633 3709 838 3782 rubicundus
864 3708 997 3783 crispus,
1024 3723 1162 3783 crassus
1185 3709 1319 3784 caesius

462 3822 664 3884 Cadaverosa
685 3823 777 3882 facie.

221 3941 282 3999 Pro
319 3940 403 3998 6116
411 3953 503 4013 puS,
540 3938 624 4009 quod
657 3951 755 3995 versu
790 3936 831 3994 26
866 3935 993 4010 legitur,
1029 3935 1241 4009 Apollodorus
1264 3937 1399 3996 dederat

221 4051 383 4128 φαλακρός,
404 4051 451 4111 161
474 4052 507 4110 61
529 4051 660 4109 veritati
680 4049 916 4123 convenienter,
938 4049 1091 4123 quoniam
1111 4049 1249 4122 Myconii
1268 4049 1398 4108 soleant

674 4209 694 4238 Ι

250 4369 267 4420 ¹)
281 4366 392 4420 Respicit
412 4365 460 4408 hoc
473 4363 593 4409 indicium
609 4363 750 4407 Scholiasta
765 4363 796 4406 ad
811 4363 875 4406 Prol.
889 4362 1049 4406 Phormionis
1062 4373 1100 4406 vs.
1113 4363 1128 4404 5
1143 4363 1279 4406 annotans:
1294 4373 1398 4418 „revera

223 4446 309 4489 antem
330 4443 377 4486 hoc
397 4442 503 4487 deterior
516 4441 651 4485 Menandro
666 4441 796 4485 Terentius
811 4441 968 4484 indicabatur
982 4441 1046 4492 quod
1060 4441 1145 4484 minus
1161 4441 1263 4484 snbllml
1281 4441 1397 4486 oratione

222 4523 355 4567 uteretur.”
