3234 5254
711 660 771 717 195

151 866 207 924 pro
250 864 287 908 eo
325 847 429 922 quod
463 845 658 921 reponimus,
696 846 728 904 Si
764 847 875 904 autem
910 844 1101 918 Pamphilus
1137 844 1329 903 retinere

151 963 270 1035 aliquid
301 961 425 1034 dieitur,
455 959 579 1018 nullam
603 958 701 1018 aliam
725 959 794 1017 vim
818 958 896 1017 illud
919 959 1055 1017 verbum
1079 958 1197 1017 habere
1221 958 1330 1032 potest

151 1093 252 1151 quam·
281 1074 535 1150 prohibendi
566 1074 618 1133 vel
649 1074 835 1133 vetandi.
865 1073 952 1132 Nihil
977 1073 1064 1132 enim
1087 1074 1240 1133 hocloco
1264 1073 1330 1146 agit

151 1189 213 1248 nisi
244 1190 282 1247 ut
312 1190 453 1248 matrem
486 1203 505 1246 a
535 1187 698 1278 proposito
730 1203 789 1247 suo
821 1189 959 1247 revocet.
994 1189 1055 1257 (An
1085 1203 1141 1262 pro
1169 1188 1332 1247 retinet

149 1303 324 1376 legendum
355 1302 577 1376 prohibet?
608 1302 679 1360 Non
710 1303 837 1360 videtur
861 1302 921 1360 hoe
944 1302 1186 1370 necessarium).
1210 1300 1331 1360 Deinde

151 1416 255 1475 bene
292 1416 481 1475 retinere
517 1431 591 1474 eum
623 1415 812 1489 Pamphilus
844 1415 968 1500 dieitur,
998 1416 1168 1489 prudentia
1192 1416 1270 1490 eius,
1296 1415 1333 1472 ut

153 1531 273 1606 opinor,
309 1531 468 1589 laudatur.
504 1529 676 1588 Prudentis
712 1531 822 1589 autem
854 1531 904 1588 est
935 1531 1124 1589 retinere
1157 1530 1219 1599 (vel
1249 1546 1331 1604 pro-

152 1645 309 1714 hibere)
341 1644 424 1717 quod
455 1660 515 1703 sua
545 1645 702 1703 interesse
726 1661 766 1703 ne
790 1643 847 1703 fiat
874 1691 972 1704 ......
983 1646 1082 1718 quid?
1106 1647 1192 1705 Num
1216 1647 1332 1705 vult?

153 1757 302 1830 Minime;
335 1758 417 1830 (quis
449 1757 536 1816 enim
566 1773 710 1830 unquam
740 1757 801 1817 hoo
832 1758 987 1832 cogitavit
1014 1759 1066 1817 vel
1091 1758 1236 1817 elocutus
1264 1761 1330 1819 est:

156 1871 236 1946 ,hoe
266 1886 340 1930 1111
370 1871 528 1930 interesse
559 1871 709 1940 volo'’?)
738 1872 794 1929 sed
825 1873 953 1931 videt.
986 1872 1070 1946 Lege
1102 1888 1194 1946 ergo:
1230 1874 1329 1947 ,bene

153 1986 272 2046 retinet
307 1987 473 2061 (prohibet)
508 1986 591 2058 quod
625 1985 714 2044 videt
748 2001 807 2045 sua
841 1987 999 2045 interesse
1034 2003 1074 2046 ne
1108 1986 1198 2046 fiat.’'
1235 1988 1330 2047 Videt

155 2102 266 2158 autem
296 2100 453 2173 planeque
484 2099 636 2171 intelligit
666 2099 855 2173 Pamphilus
886 2085 946 2159 sua
976 2101 1134 2159 interesse
1162 2117 1202 2160 ne
1226 2102 1331 2160 mater

155 2213 250 2271 domo
286 2213 396 2271 abeat:
428 2212 484 2271 illa
515 2212 601 2270 enim
632 2213 775 2286 profecta
805 2228 887 2271 uxor
917 2214 1028 2286 utique
1059 2214 1242 2288 recipienda
1270 2215 1331 2273 erit

156 2328 253 2398 atque
276 2326 378 2399 ipsius
401 2327 508 2385 famae
532 2328 663 2385 aeterna
687 2326 873 2386 adhaerebit
896 2328 1033 2386 macula.

204 2440 254 2498 19.
279 2439 463 2514 Respondet
485 2441 591 2499 mater
614 2443 647 2499 et
670 2439 734 2499 alia
757 2441 909 2500 ethaeo:

362 2553 451 2612 Haeo
473 2553 555 2613 mihi
578 2568 664 2612 nuno
687 2569 763 2612 eura
787 2557 837 2612 111
859 2555 1015 2629 maxima,
1040 2556 1139 2614 utne
1164 2555 1214 2614 eui
1237 2571 1330 2614 meae

245 2666 477 2740 Longinquitas
501 2667 618 2725 aetatis
642 2667 756 2740 obstet,
782 2671 964 2726 mortemve
988 2670 1155 2742 exspectet
1178 2684 1297 2727 meam.

156 2781 356 2839 Annotatur:
390 2795 457 2854 ,ne
489 2780 554 2839 oui
584 2779 701 2854 odiose,
734 2795 774 2838 11
805 2781 864 2839 tibi
887 2781 1038 2840 diceret.’'
1063 2782 1147 2854 Lege
1171 2797 1218 2840 ne
1244 2781 1326 2856 oui,

157 2911 198 2953 11
222 2895 330 2953 011011
353 2910 401 2953 11
424 2894 504 2953 tibi
528 2895 679 2954 diceret.'’

205 3006 294 3081 ,Hoc
317 3008 357 3066 ad
378 3022 506 3082 nurum,
532 3008 809 3081 exspectationem
829 3009 869 3068 ad
888 3007 992 3067 illium
1014 3009 1144 3068 refert.''
1166 3008 1333 3068 Contraria

160 3124 210 3181 est
239 3123 318 3181 haec
350 3123 515 3182 annotatio
544 3123 757 3198 praecedenti,
790 3125 886 3195 atque
917 3124 964 3182 110
992 3123 1177 3196 accipienda
1199 3126 1236 3182 ut
1259 3124 1334 3181 hoe

160 3235 220 3294 sit:
245 3251 292 3294 ne
316 3236 382 3294 oui
408 3269 446 3278 —
472 3237 623 3310 obstet,
650 3238 765 3294 11110
786 3237 940 3296 vocabulo
962 3236 1335 3311 exspectationem

160 3348 382 3422 significentur
405 3350 485 3408 haee
508 3352 740 3408 mortemve
764 3353 991 3424 exspectet
1014 3366 1155 3438 meam.

207 3463 258 3532 24.
283 3463 409 3521 Ultima
433 3463 597 3522 Sostratae
621 3463 701 3522 haee
723 3464 822 3522 verba
846 3465 939 3522 sunt:

252 3576 326 3634 Sine
357 3592 419 3651 me,
452 3576 593 3651 obseero,
625 3577 686 3636 hoo
717 3577 865 3651 effugere,
892 3577 1008 3650 vulgus
1032 3578 1115 3650 quod
1138 3577 1224 3636 male
1248 3576 1338 3636 audit

1098 3691 1292 3761 [mulierum.

164 3804 253 3863 Sohz
286 3804 389 3878 quod
420 3805 528 3863 male
559 3805 688 3874 audit]
724 3805 846 3879 ,Supra
877 3805 968 3879 dixit,
999 3805 1037 3863 ab
1062 3805 1228 3863 honesto.’'
1255 3803 1339 3862 Olim

162 3917 215 3976 hie
245 3918 353 3976 verbis
383 3917 567 3977 immutatis
598 3919 802 3992 repetebatur
832 3919 976 3978 scholion
1006 3920 1217 3993 praecedens:
1247 3917 1341 3991 „quia

164 4031 291 4090 dixerat
325 4032 463 4090 maritus
498 4031 567 4090 eius
603 4047 745 4090 omnes
780 4046 929 4090 socrus
965 4033 1146 4091 oderunt
1179 4033 1340 4105 nurus,'’

164 4145 220 4203 sed
250 4144 379 4217 repetiti
410 4145 524 4204 scholii
555 4145 600 4203 nil
631 4146 694 4203 nisi
724 4146 863 4204 miserae
894 4147 1048 4218 reliquiae
1081 4161 1208 4219 supra
1231 4143 1343 4203 dixit

166 4259 348 4331 supersunt.
384 4258 498 4317 Verbis
534 4260 644 4317 autem
680 4259 726 4316 ab
757 4258 947 4334 honeste,
982 4260 1078 4318 solita
1108 4259 1246 4318 rhetoris
1277 4273 1343 4317 ora-

166 4365 263 4445 tione,
308 4370 509 4444 significatur
550 4387 567 4430 e
603 4387 664 4444 quo
700 4387 815 4444 genere
851 4372 894 4430 sit
933 4375 1161 4445 argumentum
1197 4389 1258 4445 quo
1293 4373 1345 4431 hie

170 4483 319 4543 Sostrata
341 4485 454 4543 utitur.
