3254 5274
806 621 847 680 30

238 809 304 868 trix
322 809 429 870 vicina
445 812 527 871 est.”
543 812 584 871 Et
594 827 690 871 mox:
707 809 898 886 „artificiose
910 812 1050 872 inculcat
1061 812 1157 887 poeta
1167 809 1200 870 τὸ
1211 805 1360 871 πυθανόν”
1377 805 1408 881 ¹).

282 943 330 987 vs.
352 929 426 988 361.
448 929 639 989 Formosam
659 945 730 988 esse
750 930 906 988 Thaidem
926 930 980 989 ubi
1000 928 1123 988 audivit
1143 927 1285 988 Chaerea
1300 930 1408 1002 rogat:

241 1042 295 1114 „at
320 1041 366 1100 nil
393 1042 433 1100 ad
459 1045 607 1102 nostram
634 1043 761 1102 hanc?'’
787 1042 983 1102 Scholiasta:
1012 1043 1197 1116 „moraliter
1220 1044 1410 1100 nostram

239 1152 320 1212 dixit
343 1170 400 1228 pro
423 1157 587 1216 meam.”

281 1283 329 1326 vs.
363 1269 437 1328 362.
468 1269 626 1342 „Obsecro
649 1269 765 1345 hercle,
791 1271 960 1343 Parmeno,
985 1268 1035 1328 iac
1058 1271 1095 1328 ut
1118 1269 1243 1342 potiar''
1268 1267 1410 1327 Chaerea

238 1381 293 1456 ait,
319 1383 351 1440 et
374 1382 550 1442 Parmeno:
577 1383 714 1458 „faciam
738 1383 880 1442 sedulo.”
906 1383 1073 1442 Faciam
1097 1382 1244 1441 sedulo
1267 1382 1340 1456 plus
1361 1383 1410 1440 est

238 1509 336 1566 quam
359 1496 535 1554 strenue
559 1512 727 1571 operam
747 1497 822 1556 dab
831 1512 859 1555 o.
873 1496 1006 1555 Accedit
1019 1497 1119 1555 etiam
1132 1494 1235 1554 fidelis
1248 1495 1410 1554 amicitiae

238 1608 336 1666 notio.
362 1609 462 1683 Saepe
486 1611 574 1668 enim
597 1610 746 1669 homines
769 1626 901 1669 omnem
924 1610 1065 1684 lapidem
1088 1611 1231 1684 movent,
1256 1624 1321 1667 non
1341 1610 1410 1667 tam

237 1722 274 1780 ut
298 1722 440 1780 amicum
464 1723 617 1782 adiuvent
640 1739 738 1796 quam
761 1725 798 1782 ut
820 1724 926 1798 specie
950 1724 1127 1782 industriae
1147 1739 1222 1782 eum
1239 1722 1408 1796 decipiant.

238 1833 284 1894 Cf.
321 1833 566 1895 Ciceronianum
599 1836 694 1896 illud:
730 1836 954 1912 „Quamquam
985 1837 1096 1896 sedulo
1126 1837 1273 1911 faciebat,
1299 1838 1411 1895 tamen

237 1948 400 2008 interdum
423 1965 488 2008 non
511 1950 680 2010 defendere
703 1951 760 2010 sed
782 1951 998 2025 praevaricari
1020 1951 1221 2009 videbatur.''

281 2077 330 2120 vs,
363 2062 437 2121 369.
471 2061 573 2136 Quid
603 2064 640 2122 si
670 2079 776 2123 nunc
808 2066 900 2123 tute
931 2064 1181 2123 fortunatus
1204 2063 1312 2122 iias?
1338 2063 1410 2137 „Sic

237 2175 364 2234 videtur
387 2177 491 2235 dicere
515 2178 683 2252 Parmen0‚
708 2179 815 2251 potius
838 2180 875 2236 ut
898 2179 1020 2237 iocetur
1040 2194 1138 2251 quarn
1157 2180 1194 2237 ut
1212 2176 1282 2236 fieri
1302 2177 1410 2236 credat

237 2290 364 2362 posse.”
390 2290 509 2349 Veram
533 2307 605 2350 esse
628 2292 712 2351 hanc
736 2292 934 2351 Scholiastae
959 2292 1218 2351 observationem
1242 2307 1283 2350 ex
1302 2291 1411 2350 iocosa

237 2403 477 2480 vocabulorum,
511 2405 625 2478 quibus
658 2403 800 2464 Chaerea
830 2405 926 2464 modo
954 2421 1033 2464 usus
1057 2407 1115 2480 est,
1142 2406 1274 2479 apparet
1296 2404 1408 2478 repeti·

238 2516 334 2592 tione,
360 2533 423 2590 qua
445 2517 605 2578 ludicrum
628 2511 725 2578 suum
749 2519 920 2577 consilium
943 2519 1102 2578 Parmeno
1126 2517 1333 2577 commendat
1347 2510 1379 2587 ²).

283 2630 357 2689 375.
381 2629 422 2688 Et
445 2631 506 2690 hoc
525 2632 635 2691 adiicit
659 2633 835 2692 Parmeno:

287 2724 292 2733 ’
304 2744 475 2805 Praeterea
493 2746 598 2806 forma
610 2749 643 2806 et
655 2749 745 2807 aetas
758 2747 870 2822 ipsast‚
884 2746 977 2806 facile
989 2748 1026 2806 ut
1037 2761 1094 2821 pro
1107 2746 1254 2806 eunucho
1265 2746 1390 2820 probes,

238 2859 337 2919 Multo
360 2861 539 2936 elegantius
562 2862 744 2922 Bentleius:
1210 2863 1213 2870 ’

371 2975 542 3035 Praeterea
564 2975 670 3034 forma
694 2977 726 3034 et
749 2977 856 3034 aetate
880 2975 948 3049 ipse
973 2989 1016 3051 es,
1042 2975 1063 3034 f.
1088 2990 1119 3034 u.
1143 2991 1173 3048 p.
1199 2990 1225 3033 e.
1250 2990 1279 3048 p.

283 3090 357 3149 378.
381 3089 501 3148 Videns
525 3091 683 3162 quantum
706 3089 839 3163 periculi
862 3090 931 3149 ioco
955 3104 1013 3148 suo
1037 3089 1229 3148 excitaverit
1252 3089 1410 3147 Parmeno

238 3203 418 3263 exclamat:

691 3313 784 3391 Perii,
810 3316 885 3389 quid
909 3331 967 3390 ego
991 3317 1042 3389 egi
1065 3317 1189 3376 miser?

238 3429 299 3490 Hic
329 3429 465 3490 minime
492 3427 633 3490 abundat
656 3444 746 3502 ego:
771 3444 808 3488 eo
832 3429 920 3488 enim
943 3429 1067 3488 adiecto
1090 3421 1204 3490 multo¹
1217 3429 1255 3489 fit
1276 3429 1411 3490 fiebilior

238 3547 324 3606 servi
349 3546 461 3605 oratio.

283 3660 357 3719 379.
384 3658 471 3734 „Quo
491 3659 595 3717 trudis
603 3659 639 3716 ?”
660 3660 762 3732 rogat.
783 3658 833 3717 Ad
852 3658 933 3718 haec
952 3659 1050 3718 verba
1070 3660 1233 3733 egregiam
1252 3659 1410 3718 habemus

238 3774 437 3832 Scholiastae
468 3773 728 3832 annotationem:
760 3771 901 3846 „Comici
932 3788 1060 3848 semper
1084 3789 1122 3832 ea
1145 3775 1319 3834 ostendunt
1341 3771 1411 3832 fleri
1503 3829 1507 3846 ,

267 4004 282 4056 ¹)
295 4002 387 4046 Eodem
402 4002 499 4056 spectat
513 4002 643 4046 annotatio
658 4002 689 4046 ad
704 4001 810 4055 Adelph.
823 4002 864 4045 648
878 4013 913 4054 sq.
952 3996 958 4006 ‘

262 4083 282 4134 1)
297 4080 424 4134 Simulque
447 4080 492 4124 illa
517 4081 664 4133 argumento
689 4082 729 4124 est
759 4080 902 4125 sententiae
926 4080 1001 4123 modo
1028 4091 1044 4123 a
1064 4090 1105 4123 me
1125 4079 1248 4133 prolatae:
1270 4080 1410 4125 Terentii

237 4158 284 4203 hoc
305 4169 361 4203 esse
380 4158 512 4203 inventum
534 4160 563 4202 ut
583 4159 706 4202 Chaereae
729 4159 801 4203 dolus
822 4170 836 4202 e
858 4157 961 4202 consilio
986 4157 1169 4202 aParmenone
1183 4157 1280 4201 locante
1295 4157 1355 4203 dato
1370 4170 1411 4202 na-

238 4238 328 4282 scatur.
355 4238 420 4281 Nam
447 4236 561 4281 miraculi
588 4236 670 4281 instar
698 4236 734 4280 sit
753 4237 831 4280 istam
852 4236 986 4280 verborum
1007 4236 1187 4292 repetitionem,
1209 4236 1316 4280 mutatis
1336 4237 1410 4282 modo

237 4315 357 4370 personis,
383 4315 435 4358 iarn
462 4315 489 4359 in
517 4315 609 4359 Graeco
635 4315 771 4369 exemplari
797 4315 882 4370 fuisse,
909 4314 1028 4366 illamque
1055 4313 1186 4358 Terentius
1215 4314 1273 4358 dum
1295 4317 1412 4364 verteret

237 4395 447 4439 venustissimum
461 4394 529 4438 hunc
541 4396 631 4438 natum
646 4394 812 4438 octonarium:

265 4472 351 4518 Cibum
366 4483 416 4516 uua
429 4473 520 4528 capias,
535 4472 611 4528 adsis,
623 4473 722 4528 tangas,
735 4471 814 4527 ludas,
828 4472 929 4525 propter
942 4471 1059 4516 dormias.
