<?xml version="1.0" encoding="UTF-8"?>
<!DOCTYPE html PUBLIC "-//W3C//DTD XHTML 1.0 Transitional//EN"
    "http://www.w3.org/TR/xhtml1/DTD/xhtml1-transitional.dtd">
<html xmlns="http://www.w3.org/1999/xhtml" xml:lang="en" lang="en">
 <head>
  <title>
</title>
<meta http-equiv="Content-Type" content="text/html;charset=utf-8" />
  <meta name='ocr-system' content='tesseract 3.04.00' />
  <meta name='ocr-capabilities' content='ocr_page ocr_carea ocr_par ocr_line ocrx_word'/>
</head>
<body>
  <div class='ocr_page' id='page_1' title='image "./deterentioetdon00hartgoog_0134.png"; bbox 0 0 3230 5260; ppageno 0'>
   <div class='ocr_carea' id='block_1_1' title="bbox 463 1371 1068 1483">
    <p class='ocr_par' dir='ltr' id='par_1_1' title="bbox 463 1371 1068 1483">
     <span class='ocr_line' id='line_1_1' title="bbox 463 1371 1068 1483; baseline -0.01 -2"><span class='ocrx_word' id='word_1_1' title='bbox 463 1371 698 1483; x_wconf 81' lang='lat' dir='ltr'><strong>CAPUT</strong></span> <span class='ocrx_word' id='word_1_2' title='bbox 737 1371 1068 1482; x_wconf 71' lang='lat' dir='ltr'>TERTIUM.</span> 
     </span>
    </p>
   </div>
   <div class='ocr_carea' id='block_1_2' title="bbox 666 1614 862 1622">
    <p class='ocr_par' dir='ltr' id='par_1_2' title="bbox 666 1614 862 1622">
     <span class='ocr_line' id='line_1_2' title="bbox 666 1614 862 1622; baseline 0.01 -2"><span class='ocrx_word' id='word_1_3' title='bbox 666 1614 862 1622; x_wconf 75' lang='lat'><strong>--—-—-.</strong></span> 
     </span>
    </p>
   </div>
   <div class='ocr_carea' id='block_1_3' title="bbox 172 1768 1351 4580">
    <p class='ocr_par' dir='ltr' id='par_1_3' title="bbox 172 1768 1351 4580">
     <span class='ocr_line' id='line_1_3' title="bbox 219 1768 1350 1843; baseline 0.001 -17"><span class='ocrx_word' id='word_1_4' title='bbox 219 1769 277 1828; x_wconf 85' lang='lat' dir='ltr'>Vir</span> <span class='ocrx_word' id='word_1_5' title='bbox 297 1769 505 1829; x_wconf 89' lang='lat' dir='ltr'>doctissimus</span> <span class='ocrx_word' id='word_1_6' title='bbox 525 1769 583 1829; x_wconf 83' lang='lat' dir='ltr'>Gu.</span> <span class='ocrx_word' id='word_1_7' title='bbox 600 1769 809 1843; x_wconf 85' lang='lat' dir='ltr'>Weinberger</span> <span class='ocrx_word' id='word_1_8' title='bbox 826 1768 859 1827; x_wconf 89' lang='lat' dir='ltr'>in</span> <span class='ocrx_word' id='word_1_9' title='bbox 871 1769 1107 1843; x_wconf 72' lang='lat' dir='ltr'>dissertatione,</span> <span class='ocrx_word' id='word_1_10' title='bbox 1122 1785 1203 1842; x_wconf 89' lang='lat' dir='ltr'>quae</span> <span class='ocrx_word' id='word_1_11' title='bbox 1215 1769 1350 1843; x_wconf 86' lang='lat' dir='ltr'>legitur:</span> 
     </span>
     <span class='ocr_line' id='line_1_4' title="bbox 177 1881 1351 1958; baseline 0.001 -18"><span class='ocrx_word' id='word_1_12' title='bbox 177 1881 306 1941; x_wconf 85' lang='lat' dir='ltr'>Wiener</span> <span class='ocrx_word' id='word_1_13' title='bbox 337 1883 470 1943; x_wconf 83' lang='lat' dir='ltr'>Studien</span> <span class='ocrx_word' id='word_1_14' title='bbox 504 1883 587 1942; x_wconf 79' lang='lat'>1892</span> <span class='ocrx_word' id='word_1_15' title='bbox 619 1899 648 1957; x_wconf 91' lang='lat' dir='ltr'>p.</span> <span class='ocrx_word' id='word_1_16' title='bbox 680 1884 742 1941; x_wconf 86' lang='lat'>120</span> <span class='ocrx_word' id='word_1_17' title='bbox 769 1897 848 1958; x_wconf 74' lang='lat' dir='ltr'>sqq,</span> <span class='ocrx_word' id='word_1_18' title='bbox 879 1883 917 1941; x_wconf 89' lang='lat' dir='ltr'>de</span> <span class='ocrx_word' id='word_1_19' title='bbox 941 1882 981 1941; x_wconf 91' lang='lat' dir='ltr'>iis</span> <span class='ocrx_word' id='word_1_20' title='bbox 1004 1883 1196 1956; x_wconf 89' lang='lat' dir='ltr'>praesertim</span> <span class='ocrx_word' id='word_1_21' title='bbox 1219 1882 1351 1941; x_wconf 81' lang='lat' dir='ltr'>scholiis</span> 
     </span>
     <span class='ocr_line' id='line_1_5' title="bbox 177 1997 1349 2073; baseline -0.002 -17"><span class='ocrx_word' id='word_1_22' title='bbox 177 1997 377 2056; x_wconf 85' lang='lat' dir='ltr'>Terentianis</span> <span class='ocrx_word' id='word_1_23' title='bbox 401 1998 476 2073; x_wconf 87' lang='lat' dir='ltr'>agit,</span> <span class='ocrx_word' id='word_1_24' title='bbox 502 2012 584 2070; x_wconf 89' lang='lat' dir='ltr'>quae</span> <span class='ocrx_word' id='word_1_25' title='bbox 608 1998 647 2056; x_wconf 91' lang='lat' dir='ltr'>ad</span> <span class='ocrx_word' id='word_1_26' title='bbox 671 2000 819 2057; x_wconf 91' lang='lat' dir='ltr'>actorum</span> <span class='ocrx_word' id='word_1_27' title='bbox 842 1999 971 2071; x_wconf 89' lang='lat' dir='ltr'>gestum</span> <span class='ocrx_word' id='word_1_28' title='bbox 994 1998 1165 2073; x_wconf 77' lang='lat' dir='ltr'>pertinent,</span> <span class='ocrx_word' id='word_1_29' title='bbox 1188 1997 1349 2069; x_wconf 87' lang='lat' dir='ltr'>conqueri-</span> 
     </span>
     <span class='ocr_line' id='line_1_6' title="bbox 176 2110 1350 2186; baseline 0 -18"><span class='ocrx_word' id='word_1_30' title='bbox 176 2112 289 2184; x_wconf 87' lang='lat' dir='ltr'>turque</span> <span class='ocrx_word' id='word_1_31' title='bbox 313 2111 396 2184; x_wconf 91' lang='lat' dir='ltr'>quod</span> <span class='ocrx_word' id='word_1_32' title='bbox 420 2127 484 2170; x_wconf 92' lang='lat' dir='ltr'>non</span> <span class='ocrx_word' id='word_1_33' title='bbox 507 2111 589 2170; x_wconf 88' lang='lat' dir='ltr'>satis</span> <span class='ocrx_word' id='word_1_34' title='bbox 612 2111 695 2170; x_wconf 89' lang='lat' dir='ltr'>ratio</span> <span class='ocrx_word' id='word_1_35' title='bbox 718 2110 875 2170; x_wconf 84' lang='lat' dir='ltr'>habeatur</span> <span class='ocrx_word' id='word_1_36' title='bbox 898 2111 1066 2186; x_wconf 87' lang='lat' dir='ltr'>Lessingii‚</span> <span class='ocrx_word' id='word_1_37' title='bbox 1088 2111 1244 2185; x_wconf 87' lang='lat' dir='ltr'>praeclari</span> <span class='ocrx_word' id='word_1_38' title='bbox 1263 2111 1350 2169; x_wconf 91' lang='lat' dir='ltr'>illius</span> 
     </span>
     <span class='ocr_line' id='line_1_7' title="bbox 175 2224 1350 2300; baseline -0.001 -17"><span class='ocrx_word' id='word_1_39' title='bbox 175 2225 213 2283; x_wconf 91' lang='lat' dir='ltr'>de</span> <span class='ocrx_word' id='word_1_40' title='bbox 243 2241 277 2284; x_wconf 91' lang='lat' dir='ltr'>re</span> <span class='ocrx_word' id='word_1_41' title='bbox 308 2225 435 2285; x_wconf 86' lang='lat' dir='ltr'>scenica</span> <span class='ocrx_word' id='word_1_42' title='bbox 466 2225 590 2300; x_wconf 78' lang='lat' dir='ltr'>iudicia,</span> <span class='ocrx_word' id='word_1_43' title='bbox 624 2226 678 2298; x_wconf 89' lang='lat' dir='ltr'>qui</span> <span class='ocrx_word' id='word_1_44' title='bbox 708 2225 849 2284; x_wconf 86' lang='lat' dir='ltr'>summis</span> <span class='ocrx_word' id='word_1_45' title='bbox 879 2225 935 2285; x_wconf 90' lang='lat' dir='ltr'>illa</span> <span class='ocrx_word' id='word_1_46' title='bbox 962 2225 1085 2285; x_wconf 88' lang='lat' dir='ltr'>scholia</span> <span class='ocrx_word' id='word_1_47' title='bbox 1108 2225 1262 2284; x_wconf 81' lang='lat' dir='ltr'>extulerit</span> <span class='ocrx_word' id='word_1_48' title='bbox 1284 2224 1350 2283; x_wconf 88' lang='lat' dir='ltr'>lau-</span> 
     </span>
     <span class='ocr_line' id='line_1_8' title="bbox 175 2337 1350 2413; baseline -0.001 -16"><span class='ocrx_word' id='word_1_49' title='bbox 175 2338 276 2413; x_wconf 91' lang='lat' dir='ltr'>dibus,</span> <span class='ocrx_word' id='word_1_50' title='bbox 309 2339 378 2412; x_wconf 91' lang='lat' dir='ltr'>ipse</span> <span class='ocrx_word' id='word_1_51' title='bbox 409 2340 520 2398; x_wconf 88' lang='lat' dir='ltr'>tamen</span> <span class='ocrx_word' id='word_1_52' title='bbox 551 2339 650 2397; x_wconf 88' lang='lat' dir='ltr'>nimis</span> <span class='ocrx_word' id='word_1_53' title='bbox 684 2338 887 2412; x_wconf 84' lang='lat' dir='ltr'>„Donatum”</span> <span class='ocrx_word' id='word_1_54' title='bbox 919 2339 1051 2398; x_wconf 90' lang='lat' dir='ltr'>laudare</span> <span class='ocrx_word' id='word_1_55' title='bbox 1083 2339 1185 2398; x_wconf 86' lang='lat' dir='ltr'>cavet.</span> <span class='ocrx_word' id='word_1_56' title='bbox 1217 2337 1264 2396; x_wconf 89' lang='lat' dir='ltr'>De</span> <span class='ocrx_word' id='word_1_57' title='bbox 1288 2352 1350 2410; x_wconf 92' lang='lat' dir='ltr'>qua</span> 
     </span>
     <span class='ocr_line' id='line_1_9' title="bbox 174 2437 1350 2526; baseline -0.002 -14"><span class='ocrx_word' id='word_1_58' title='bbox 174 2452 394 2526; x_wconf 86' lang='lat' dir='ltr'>Weinbergeri</span> <span class='ocrx_word' id='word_1_59' title='bbox 417 2453 644 2513; x_wconf 84' lang='lat' dir='ltr'>dissertatione</span> <span class='ocrx_word' id='word_1_60' title='bbox 666 2437 840 2526; x_wconf 86' lang='lat' dir='ltr'>postquam</span> <span class='ocrx_word' id='word_1_61' title='bbox 860 2453 942 2512; x_wconf 85' lang='lat' dir='ltr'>dixit</span> <span class='ocrx_word' id='word_1_62' title='bbox 962 2453 1120 2526; x_wconf 89' lang='lat' dir='ltr'>quaedam</span> <span class='ocrx_word' id='word_1_63' title='bbox 1141 2452 1350 2511; x_wconf 87' lang='lat' dir='ltr'>doctissimus</span> 
     </span>
     <span class='ocr_line' id='line_1_10' title="bbox 174 2567 1347 2643; baseline -0.002 -16"><span class='ocrx_word' id='word_1_64' title='bbox 174 2568 227 2628; x_wconf 88' lang='lat' dir='ltr'>ille</span> <span class='ocrx_word' id='word_1_65' title='bbox 258 2568 294 2628; x_wconf 86' lang='lat' dir='ltr'>R.</span> <span class='ocrx_word' id='word_1_66' title='bbox 328 2568 509 2643; x_wconf 87' lang='lat' dir='ltr'>Sabbadini,</span> <span class='ocrx_word' id='word_1_67' title='bbox 542 2584 639 2641; x_wconf 90' lang='lat' dir='ltr'>quem</span> <span class='ocrx_word' id='word_1_68' title='bbox 670 2569 767 2628; x_wconf 92' lang='lat' dir='ltr'>toties</span> <span class='ocrx_word' id='word_1_69' title='bbox 798 2568 865 2627; x_wconf 91' lang='lat' dir='ltr'>iam</span> <span class='ocrx_word' id='word_1_70' title='bbox 896 2569 1027 2628; x_wconf 92' lang='lat' dir='ltr'>honoris</span> <span class='ocrx_word' id='word_1_71' title='bbox 1051 2583 1148 2627; x_wconf 90' lang='lat' dir='ltr'>causa</span> <span class='ocrx_word' id='word_1_72' title='bbox 1170 2567 1347 2642; x_wconf 91' lang='lat' dir='ltr'>nominavi,</span> 
     </span>
     <span class='ocr_line' id='line_1_11' title="bbox 174 2681 1348 2757; baseline -0.001 -16"><span class='ocrx_word' id='word_1_73' title='bbox 174 2683 252 2741; x_wconf 91' lang='lat' dir='ltr'>baec</span> <span class='ocrx_word' id='word_1_74' title='bbox 275 2682 380 2742; x_wconf 89' lang='lat' dir='ltr'>addit:</span> <span class='ocrx_word' id='word_1_75' title='bbox 408 2682 508 2757; x_wconf 89' lang='lat' dir='ltr'>,Utut</span> <span class='ocrx_word' id='word_1_76' title='bbox 532 2684 591 2756; x_wconf 89' lang='lat' dir='ltr'>est,</span> <span class='ocrx_word' id='word_1_77' title='bbox 613 2682 715 2740; x_wconf 88' lang='lat' dir='ltr'>deerit</span> <span class='ocrx_word' id='word_1_78' title='bbox 734 2682 892 2741; x_wconf 87' lang='lat' dir='ltr'>eiusmodi</span> <span class='ocrx_word' id='word_1_79' title='bbox 912 2681 1189 2755; x_wconf 87' lang='lat' dir='ltr'>disquisitionibus</span> <span class='ocrx_word' id='word_1_80' title='bbox 1209 2681 1348 2741; x_wconf 87' lang='lat' dir='ltr'>solidum</span> 
     </span>
     <span class='ocr_line' id='line_1_12' title="bbox 173 2797 1346 2870; baseline -0.001 -14"><span class='ocrx_word' id='word_1_81' title='bbox 173 2798 420 2856; x_wconf 79' lang='lat' dir='ltr'>tundamentum</span> <span class='ocrx_word' id='word_1_82' title='bbox 444 2797 599 2870; x_wconf 91' lang='lat' dir='ltr'>quamdiu</span> <span class='ocrx_word' id='word_1_83' title='bbox 622 2797 804 2857; x_wconf 83' lang='lat' dir='ltr'>carebimus</span> <span class='ocrx_word' id='word_1_84' title='bbox 827 2797 1023 2857; x_wconf 86' lang='lat' dir='ltr'>scholiorum</span> <span class='ocrx_word' id='word_1_85' title='bbox 1044 2797 1183 2856; x_wconf 91' lang='lat' dir='ltr'>editione</span> <span class='ocrx_word' id='word_1_86' title='bbox 1203 2797 1346 2856; x_wconf 88' lang='lat' dir='ltr'>critica.&#39;&#39;</span> 
     </span>
     <span class='ocr_line' id='line_1_13' title="bbox 173 2912 1346 2985; baseline 0 -14"><span class='ocrx_word' id='word_1_87' title='bbox 173 2913 212 2972; x_wconf 80' lang='lat' dir='ltr'>at</span> <span class='ocrx_word' id='word_1_88' title='bbox 242 2913 364 2973; x_wconf 91' lang='lat' dir='ltr'>multos</span> <span class='ocrx_word' id='word_1_89' title='bbox 385 2914 461 2973; x_wconf 85' lang='lat' dir='ltr'>¹iam</span> <span class='ocrx_word' id='word_1_90' title='bbox 491 2913 579 2972; x_wconf 89' lang='lat' dir='ltr'>viros</span> <span class='ocrx_word' id='word_1_91' title='bbox 610 2913 721 2972; x_wconf 87' lang='lat' dir='ltr'>doctos</span> <span class='ocrx_word' id='word_1_92' title='bbox 753 2913 912 2972; x_wconf 91' lang='lat' dir='ltr'>eiusmodi</span> <span class='ocrx_word' id='word_1_93' title='bbox 944 2912 1063 2985; x_wconf 92' lang='lat' dir='ltr'>aliquid</span> <span class='ocrx_word' id='word_1_94' title='bbox 1087 2913 1196 2972; x_wconf 89' lang='lat' dir='ltr'>audivi</span> <span class='ocrx_word' id='word_1_95' title='bbox 1220 2914 1346 2972; x_wconf 89' lang='lat' dir='ltr'>conten-</span> 
     </span>
     <span class='ocr_line' id='line_1_14' title="bbox 174 3025 1348 3102; baseline -0.001 -16"><span class='ocrx_word' id='word_1_96' title='bbox 174 3028 294 3102; x_wconf 74' lang='lat' dir='ltr'>dentes</span> <span class='ocrx_word' id='word_1_97' title='bbox 319 3027 376 3085; x_wconf 87' lang='lat' dir='ltr'>sed</span> <span class='ocrx_word' id='word_1_98' title='bbox 400 3043 462 3099; x_wconf 92' lang='lat' dir='ltr'>quo</span> <span class='ocrx_word' id='word_1_99' title='bbox 485 3027 593 3100; x_wconf 90' lang='lat' dir='ltr'>plures</span> <span class='ocrx_word' id='word_1_100' title='bbox 617 3026 711 3086; x_wconf 90' lang='lat' dir='ltr'>audio</span> <span class='ocrx_word' id='word_1_101' title='bbox 732 3041 768 3086; x_wconf 88' lang='lat' dir='ltr'>eo</span> <span class='ocrx_word' id='word_1_102' title='bbox 788 3026 889 3086; x_wconf 89' lang='lat' dir='ltr'>miror</span> <span class='ocrx_word' id='word_1_103' title='bbox 908 3027 1023 3099; x_wconf 80' lang='lat' dir='ltr'>magis</span> <span class='ocrx_word' id='word_1_104' title='bbox 1046 3025 1126 3100; x_wconf 78' lang='lat' dir='ltr'>Quid</span> <span class='ocrx_word' id='word_1_105' title='bbox 1146 3026 1257 3085; x_wconf 86' lang='lat' dir='ltr'>enim?</span> <span class='ocrx_word' id='word_1_106' title='bbox 1277 3027 1348 3085; x_wconf 88' lang='lat' dir='ltr'>Non</span> 
     </span>
     <span class='ocr_line' id='line_1_15' title="bbox 173 3139 1346 3214; baseline -0.001 -14"><span class='ocrx_word' id='word_1_107' title='bbox 173 3141 349 3214; x_wconf 85' lang='lat' dir='ltr'>poterimus</span> <span class='ocrx_word' id='word_1_108' title='bbox 380 3141 419 3198; x_wconf 90' lang='lat' dir='ltr'>de</span> <span class='ocrx_word' id='word_1_109' title='bbox 449 3140 646 3200; x_wconf 87' lang='lat' dir='ltr'>scholiorum</span> <span class='ocrx_word' id='word_1_110' title='bbox 677 3142 868 3214; x_wconf 83' lang='lat' dir='ltr'>argumento</span> <span class='ocrx_word' id='word_1_111' title='bbox 899 3155 974 3198; x_wconf 91' lang='lat' dir='ltr'>cum</span> <span class='ocrx_word' id='word_1_112' title='bbox 998 3140 1103 3212; x_wconf 91' lang='lat' dir='ltr'>aliquo</span> <span class='ocrx_word' id='word_1_113' title='bbox 1127 3139 1234 3199; x_wconf 88' lang='lat' dir='ltr'>fructu</span> <span class='ocrx_word' id='word_1_114' title='bbox 1257 3141 1346 3199; x_wconf 91' lang='lat' dir='ltr'>insti·</span> 
     </span>
     <span class='ocr_line' id='line_1_16' title="bbox 172 3253 1347 3328; baseline 0.001 -16"><span class='ocrx_word' id='word_1_115' title='bbox 172 3256 261 3313; x_wconf 88' lang='lat' dir='ltr'>tuere</span> <span class='ocrx_word' id='word_1_116' title='bbox 293 3253 525 3328; x_wconf 88' lang='lat' dir='ltr'>quaestionem,</span> <span class='ocrx_word' id='word_1_117' title='bbox 558 3267 717 3327; x_wconf 85' lang='lat' dir='ltr'>exponere</span> <span class='ocrx_word' id='word_1_118' title='bbox 749 3254 841 3312; x_wconf 90' lang='lat' dir='ltr'>nobis</span> <span class='ocrx_word' id='word_1_119' title='bbox 872 3269 935 3312; x_wconf 94' lang='lat' dir='ltr'>non</span> <span class='ocrx_word' id='word_1_120' title='bbox 966 3253 1075 3312; x_wconf 90' lang='lat' dir='ltr'>licebit</span> <span class='ocrx_word' id='word_1_121' title='bbox 1098 3268 1258 3326; x_wconf 90' lang='lat' dir='ltr'>quaenam</span> <span class='ocrx_word' id='word_1_122' title='bbox 1281 3254 1347 3313; x_wconf 83' lang='lat' dir='ltr'>iere</span> 
     </span>
     <span class='ocr_line' id='line_1_17' title="bbox 173 3367 1347 3442; baseline 0 -16"><span class='ocrx_word' id='word_1_123' title='bbox 173 3383 224 3426; x_wconf 88' lang='lat' dir='ltr'>res</span> <span class='ocrx_word' id='word_1_124' title='bbox 254 3367 351 3426; x_wconf 90' lang='lat' dir='ltr'>iniis</span> <span class='ocrx_word' id='word_1_125' title='bbox 375 3369 563 3442; x_wconf 88' lang='lat' dir='ltr'>tractentur,</span> <span class='ocrx_word' id='word_1_126' title='bbox 589 3367 787 3440; x_wconf 90' lang='lat' dir='ltr'>probabilem</span> <span class='ocrx_word' id='word_1_127' title='bbox 811 3368 850 3426; x_wconf 91' lang='lat' dir='ltr'>de</span> <span class='ocrx_word' id='word_1_128' title='bbox 874 3382 986 3426; x_wconf 90' lang='lat' dir='ltr'>eorum</span> <span class='ocrx_word' id='word_1_129' title='bbox 1011 3367 1132 3441; x_wconf 86' lang='lat' dir='ltr'>origine</span> <span class='ocrx_word' id='word_1_130' title='bbox 1157 3369 1252 3440; x_wconf 90' lang='lat' dir='ltr'>atque</span> <span class='ocrx_word' id='word_1_131' title='bbox 1277 3383 1347 3426; x_wconf 91' lang='lat' dir='ltr'>auo·</span> 
     </span>
     <span class='ocr_line' id='line_1_18' title="bbox 173 3480 1348 3555; baseline 0.001 -16"><span class='ocrx_word' id='word_1_132' title='bbox 173 3480 295 3540; x_wconf 91' lang='lat' dir='ltr'>toribus</span> <span class='ocrx_word' id='word_1_133' title='bbox 325 3481 465 3555; x_wconf 86' lang='lat' dir='ltr'>proferre</span> <span class='ocrx_word' id='word_1_134' title='bbox 496 3481 703 3555; x_wconf 87' lang='lat' dir='ltr'>sententiam,</span> <span class='ocrx_word' id='word_1_135' title='bbox 737 3481 872 3553; x_wconf 90' lang='lat' dir='ltr'>denique</span> <span class='ocrx_word' id='word_1_136' title='bbox 903 3481 1040 3553; x_wconf 79' lang='lat' dir='ltr'>singulis</span> <span class='ocrx_word' id='word_1_137' title='bbox 1068 3495 1179 3539; x_wconf 88' lang='lat' dir='ltr'>eorum</span> <span class='ocrx_word' id='word_1_138' title='bbox 1203 3481 1348 3554; x_wconf 88' lang='lat' dir='ltr'>partibus</span> 
     </span>
     <span class='ocr_line' id='line_1_19' title="bbox 173 3594 1348 3669; baseline 0.002 -17"><span class='ocrx_word' id='word_1_139' title='bbox 173 3609 268 3653; x_wconf 85' lang='lat' dir='ltr'>suum</span> <span class='ocrx_word' id='word_1_140' title='bbox 291 3595 435 3654; x_wconf 86' lang='lat' dir='ltr'>statuere</span> <span class='ocrx_word' id='word_1_141' title='bbox 458 3594 608 3669; x_wconf 90' lang='lat' dir='ltr'>pretium,</span> <span class='ocrx_word' id='word_1_142' title='bbox 630 3595 706 3667; x_wconf 89' lang='lat' dir='ltr'>quia</span> <span class='ocrx_word' id='word_1_143' title='bbox 724 3595 899 3653; x_wconf 90' lang='lat' dir='ltr'>nemodum</span> <span class='ocrx_word' id='word_1_144' title='bbox 920 3595 953 3654; x_wconf 92' lang='lat' dir='ltr'>in</span> <span class='ocrx_word' id='word_1_145' title='bbox 973 3596 1206 3655; x_wconf 89' lang='lat' dir='ltr'>commentario</span> <span class='ocrx_word' id='word_1_146' title='bbox 1227 3596 1348 3655; x_wconf 90' lang='lat' dir='ltr'>edendo</span> 
     </span>
     <span class='ocr_line' id='line_1_20' title="bbox 173 3708 1347 3782; baseline 0.001 -15"><span class='ocrx_word' id='word_1_147' title='bbox 173 3708 333 3768; x_wconf 88' lang='lat' dir='ltr'>codicibus</span> <span class='ocrx_word' id='word_1_148' title='bbox 365 3722 406 3767; x_wconf 85' lang='lat' dir='ltr'>ex</span> <span class='ocrx_word' id='word_1_149' title='bbox 430 3709 509 3768; x_wconf 88' lang='lat' dir='ltr'>artis</span> <span class='ocrx_word' id='word_1_150' title='bbox 534 3709 663 3768; x_wconf 87' lang='lat' dir='ltr'>criticae</span> <span class='ocrx_word' id='word_1_151' title='bbox 686 3709 866 3782; x_wconf 87' lang='lat' dir='ltr'>praeceptis</span> <span class='ocrx_word' id='word_1_152' title='bbox 890 3724 969 3767; x_wconf 90' lang='lat' dir='ltr'>usus</span> <span class='ocrx_word' id='word_1_153' title='bbox 993 3709 1067 3767; x_wconf 86' lang='lat' dir='ltr'>est?</span> <span class='ocrx_word' id='word_1_154' title='bbox 1091 3709 1172 3768; x_wconf 88' lang='lat' dir='ltr'>Male</span> <span class='ocrx_word' id='word_1_155' title='bbox 1197 3724 1271 3782; x_wconf 85' lang='lat' dir='ltr'>ergo</span> <span class='ocrx_word' id='word_1_156' title='bbox 1295 3725 1347 3768; x_wconf 92' lang='lat' dir='ltr'>no·</span> 
     </span>
     <span class='ocr_line' id='line_1_21' title="bbox 172 3818 1347 3896; baseline 0.001 -16"><span class='ocrx_word' id='word_1_157' title='bbox 172 3823 297 3882; x_wconf 88' lang='lat' dir='ltr'>biscum</span> <span class='ocrx_word' id='word_1_158' title='bbox 333 3823 456 3896; x_wconf 89' lang='lat' dir='ltr'>agitur:</span> <span class='ocrx_word' id='word_1_159' title='bbox 492 3837 648 3896; x_wconf 89' lang='lat' dir='ltr'>perquam</span> <span class='ocrx_word' id='word_1_160' title='bbox 683 3823 770 3882; x_wconf 91' lang='lat' dir='ltr'>enim</span> <span class='ocrx_word' id='word_1_161' title='bbox 805 3818 982 3881; x_wconf 88' lang='lat' dir='ltr'>verisimile</span> <span class='ocrx_word' id='word_1_162' title='bbox 1018 3824 1068 3881; x_wconf 89' lang='lat' dir='ltr'>est</span> <span class='ocrx_word' id='word_1_163' title='bbox 1098 3824 1210 3881; x_wconf 88' lang='lat' dir='ltr'>nostra</span> <span class='ocrx_word' id='word_1_164' title='bbox 1240 3824 1347 3882; x_wconf 89' lang='lat' dir='ltr'>aetate</span> 
     </span>
     <span class='ocr_line' id='line_1_22' title="bbox 173 3934 1346 4008; baseline 0 -14"><span class='ocrx_word' id='word_1_165' title='bbox 173 3934 330 3994; x_wconf 88' lang='lat' dir='ltr'>eiusmodi</span> <span class='ocrx_word' id='word_1_166' title='bbox 361 3934 537 3994; x_wconf 90' lang='lat' dir='ltr'>editionem</span> <span class='ocrx_word' id='word_1_167' title='bbox 568 3935 601 3993; x_wconf 93' lang='lat' dir='ltr'>in</span> <span class='ocrx_word' id='word_1_168' title='bbox 632 3935 738 3994; x_wconf 91' lang='lat' dir='ltr'>lucem</span> <span class='ocrx_word' id='word_1_169' title='bbox 761 3949 826 3993; x_wconf 92' lang='lat' dir='ltr'>non</span> <span class='ocrx_word' id='word_1_170' title='bbox 849 3935 1058 4008; x_wconf 91' lang='lat' dir='ltr'>prodituram.</span> <span class='ocrx_word' id='word_1_171' title='bbox 1083 3935 1167 3994; x_wconf 89' lang='lat' dir='ltr'>Nam</span> <span class='ocrx_word' id='word_1_172' title='bbox 1191 3936 1245 4008; x_wconf 89' lang='lat' dir='ltr'>qui</span> <span class='ocrx_word' id='word_1_173' title='bbox 1268 3935 1346 3994; x_wconf 92' lang='lat' dir='ltr'>olim</span> 
     </span>
     <span class='ocr_line' id='line_1_23' title="bbox 172 4047 1345 4123; baseline 0.001 -16"><span class='ocrx_word' id='word_1_174' title='bbox 172 4048 263 4107; x_wconf 90' lang='lat' dir='ltr'>illum</span> <span class='ocrx_word' id='word_1_175' title='bbox 287 4047 431 4107; x_wconf 90' lang='lat' dir='ltr'>laborem</span> <span class='ocrx_word' id='word_1_176' title='bbox 456 4047 600 4122; x_wconf 86' lang='lat' dir='ltr'>aggressi</span> <span class='ocrx_word' id='word_1_177' title='bbox 624 4050 709 4123; x_wconf 88' lang='lat' dir='ltr'>sunt,</span> <span class='ocrx_word' id='word_1_178' title='bbox 731 4048 817 4107; x_wconf 90' lang='lat' dir='ltr'>diem</span> <span class='ocrx_word' id='word_1_179' title='bbox 838 4063 1028 4122; x_wconf 91' lang='lat' dir='ltr'>supremum</span> <span class='ocrx_word' id='word_1_180' title='bbox 1048 4049 1196 4108; x_wconf 91' lang='lat' dir='ltr'>obierunt</span> <span class='ocrx_word' id='word_1_181' title='bbox 1215 4064 1345 4121; x_wconf 89' lang='lat' dir='ltr'>omnes;</span> 
     </span>
     <span class='ocr_line' id='line_1_24' title="bbox 174 4161 1347 4237; baseline 0.002 -18"><span class='ocrx_word' id='word_1_182' title='bbox 174 4161 243 4220; x_wconf 89' lang='lat' dir='ltr'>illos</span> <span class='ocrx_word' id='word_1_183' title='bbox 276 4162 330 4234; x_wconf 90' lang='lat' dir='ltr'>qui</span> <span class='ocrx_word' id='word_1_184' title='bbox 361 4163 492 4221; x_wconf 86' lang='lat' dir='ltr'>secutus</span> <span class='ocrx_word' id='word_1_185' title='bbox 524 4163 574 4221; x_wconf 88' lang='lat' dir='ltr'>est</span> <span class='ocrx_word' id='word_1_186' title='bbox 605 4177 624 4221; x_wconf 89' lang='lat' dir='ltr'>a</span> <span class='ocrx_word' id='word_1_187' title='bbox 653 4161 816 4237; x_wconf 90' lang='lat' dir='ltr'>proposito</span> <span class='ocrx_word' id='word_1_188' title='bbox 847 4163 988 4235; x_wconf 87' lang='lat' dir='ltr'>dest&#39;tit;</span> <span class='ocrx_word' id='word_1_189' title='bbox 1018 4162 1153 4235; x_wconf 87' lang='lat' dir='ltr'>denique</span> <span class='ocrx_word' id='word_1_190' title='bbox 1177 4162 1231 4234; x_wconf 90' lang='lat' dir='ltr'>qui</span> <span class='ocrx_word' id='word_1_191' title='bbox 1253 4163 1347 4222; x_wconf 87' lang='lat' dir='ltr'>unice</span> 
     </span>
     <span class='ocr_line' id='line_1_25' title="bbox 173 4275 1347 4351; baseline 0.003 -19"><span class='ocrx_word' id='word_1_192' title='bbox 173 4275 300 4348; x_wconf 84' lang='lat' dir='ltr'>negotio</span> <span class='ocrx_word' id='word_1_193' title='bbox 331 4290 389 4348; x_wconf 91' lang='lat' dir='ltr'>par</span> <span class='ocrx_word' id='word_1_194' title='bbox 419 4277 489 4334; x_wconf 91' lang='lat' dir='ltr'>erat</span> <span class='ocrx_word' id='word_1_195' title='bbox 519 4276 615 4348; x_wconf 90' lang='lat' dir='ltr'>atque</span> <span class='ocrx_word' id='word_1_196' title='bbox 646 4275 789 4351; x_wconf 89' lang='lat' dir='ltr'>idoneus,</span> <span class='ocrx_word' id='word_1_197' title='bbox 820 4275 973 4348; x_wconf 90' lang='lat' dir='ltr'>quoniam</span> <span class='ocrx_word' id='word_1_198' title='bbox 995 4275 1103 4350; x_wconf 89' lang='lat' dir='ltr'>plures</span> <span class='ocrx_word' id='word_1_199' title='bbox 1127 4290 1224 4348; x_wconf 89' lang='lat' dir='ltr'>quam</span> <span class='ocrx_word' id='word_1_200' title='bbox 1249 4277 1347 4335; x_wconf 89' lang='lat' dir='ltr'>ceteri</span> 
     </span>
     <span class='ocr_line' id='line_1_26' title="bbox 173 4388 1344 4465; baseline 0.003 -19"><span class='ocrx_word' id='word_1_201' title='bbox 173 4403 286 4448; x_wconf 91' lang='lat' dir='ltr'>omues</span> <span class='ocrx_word' id='word_1_202' title='bbox 306 4388 431 4447; x_wconf 86' lang='lat' dir='ltr'>codices</span> <span class='ocrx_word' id='word_1_203' title='bbox 451 4403 550 4447; x_wconf 89' lang='lat' dir='ltr'>manu</span> <span class='ocrx_word' id='word_1_204' title='bbox 570 4389 723 4465; x_wconf 86' lang='lat' dir='ltr'>versavit,</span> <span class='ocrx_word' id='word_1_205' title='bbox 746 4391 913 4462; x_wconf 87' lang='lat' dir='ltr'>artemque</span> <span class='ocrx_word' id='word_1_206' title='bbox 937 4388 1238 4463; x_wconf 86' lang='lat' dir='ltr'>palaeographioam</span> <span class='ocrx_word' id='word_1_207' title='bbox 1257 4405 1344 4463; x_wconf 90' lang='lat' dir='ltr'>prae-</span> 
     </span>
     <span class='ocr_line' id='line_1_27' title="bbox 174 4483 1346 4580; baseline 0 -17"><span class='ocrx_word' id='word_1_208' title='bbox 174 4499 257 4563; x_wconf 82' lang='lat' dir='ltr'>clare</span> <span class='ocrx_word' id='word_1_209' title='bbox 285 4501 389 4578; x_wconf 87' lang='lat' dir='ltr'>callet,</span> <span class='ocrx_word' id='word_1_210' title='bbox 415 4502 529 4580; x_wconf 85' lang='lat' dir='ltr'>ipsum·</span> <span class='ocrx_word' id='word_1_211' title='bbox 546 4502 776 4566; x_wconf 85' lang='lat' dir='ltr'>Sabbadinium</span> <span class='ocrx_word' id='word_1_212' title='bbox 800 4503 879 4580; x_wconf 89' lang='lat' dir='ltr'>dico,</span> <span class='ocrx_word' id='word_1_213' title='bbox 904 4483 943 4562; x_wconf 88' lang='lat' dir='ltr'>de</span> <span class='ocrx_word' id='word_1_214' title='bbox 967 4503 1087 4566; x_wconf 87' lang='lat' dir='ltr'>edendo</span> <span class='ocrx_word' id='word_1_215' title='bbox 1112 4504 1346 4565; x_wconf 85' lang='lat' dir='ltr'>commentario</span> 
     </span>
    </p>
   </div>
   <div class='ocr_carea' id='block_1_4' title="bbox 0 0 1620 5260">
    <p class='ocr_par' dir='ltr' id='par_1_4' title="bbox 0 0 1620 5260">
     <span class='ocr_line' id='line_1_28' title="bbox 0 0 1620 5260; baseline 0 2"><span class='ocrx_word' id='word_1_216' title='bbox 0 0 1620 5260; x_wconf 95' lang='lat' dir='ltr'> </span> 
     </span>
    </p>
   </div>
  </div>
 </body>
</html>
