3234 5254
769 624 832 682 220

212 815 440 884 argumentum
471 811 607 871 fabulae.
640 812 709 871 Hoc
741 814 851 870 autem
875 812 991 870 maluit
1014 812 1184 871 Terentius
1208 827 1305 885 quarn
1330 813 1392 870 aut

212 941 267 998 per
290 926 457 999 prologum
479 927 625 984 narraret
644 927 872 999 argumentum
894 927 951 983 aut
974 923 1044 982 θεὸν
1064 923 1123 983 ἀπὸ
1144 933 1276 1002 μηχανῆς
1297 925 1390 983 indu·

212 1040 297 1097 oeret
321 1039 440 1111 loqui.'’
465 1039 547 1112 Ergo
568 1039 763 1112 colloquium
783 1039 952 1097 Philonidis
974 1039 1135 1112 syraeque
1156 1040 1239 1112 apud
1259 1039 1389 1112 Apollo-

212 1153 326 1210 dorum
356 1168 421 1211 non
443 1151 514 1211 fuit.
532 1146 551 1221 ¹)
575 1153 615 1211 Et
638 1168 737 1225 quarn
760 1152 902 1225 lepidum
926 1151 1004 1209 illud
1028 1151 1080 1225 sit,
1106 1167 1204 1224 quarn
1229 1154 1301 1225 apte
1326 1152 1390 1210 ele-

212 1267 389 1338 ganterque
424 1280 465 1324 ex
500 1266 585 1324 nuda
619 1265 803 1324 narratione
834 1265 921 1326 iusta
951 1279 1049 1322 scena
1072 1264 1158 1324 facta
1181 1265 1233 1340 sit,
1260 1265 1391 1338 egregie

212 1379 305 1437 docet
325 1379 514 1454 Scholiasta,
537 1380 628 1437 cuius
649 1394 747 1438 unam
767 1379 851 1437 hanc
870 1377 968 1436 affero
989 1377 1242 1438 annotationem.
1255 1378 1310 1437 Vs.
1328 1379 1389 1437 18:

213 1491 371 1550 collocuta
395 1507 469 1551 curn
492 1492 651 1552 Philotide
675 1493 756 1566 Syra
780 1507 861 1550 anus
881 1491 1086 1564 multumque
1106 1491 1197 1550 illam
1217 1492 1391 1550 adhortata

213 1621 253 1664 ne
288 1606 479 1679 cuiusquam
515 1608 671 1666 amatoris
701 1606 825 1680 peculio
856 1607 976 1680 parcat,
1010 1602 1163 1679 quoniam
1186 1603 1297 1678 perfidi
1320 1605 1391 1662 sint

213 1735 335 1794 omnes,
361 1720 401 1778 ad
427 1722 612 1779 extremum
636 1719 833 1778 haecdicit:

392 1833 480 1892 Eheu
504 1849 557 1892 me
581 1833 746 1908 miseram,
772 1848 828 1891 cur
851 1848 915 1891 non
939 1833 996 1891 aut
1019 1832 1121 1891 istaec
1143 1831 1225 1889 mihi

392 1948 492 2006 Aetas
517 1949 549 2006 et
571 1947 676 2005 forma
700 1948 750 2005 est
774 1948 830 2005 aut
853 1946 912 2005 tibi
935 1947 1015 2004 haec
1038 1945 1224 2004 sententia?

215 2061 287 2119 Sch.
322 2060 433 2119 Eheu
467 2075 528 2119 me
562 2061 780 2129 miseram]
817 2060 925 2134 ,bene
959 2060 1034 2133 quia
1064 2074 1127 2117 non
1159 2059 1272 2134 suasit,
1307 2059 1388 2128 [sed]

215 2174 369 2233 affectum
393 2175 511 2233 doloris
535 2174 705 2247 expressit.
731 2173 926 2246 intelligitur
950 2174 1037 2232 eninr
1062 2188 1103 2231 ex
1122 2172 1215 2232 vultu
1236 2173 1304 2232 eius
1324 2187 1392 2231 non

215 2303 288 2345 eam
311 2288 511 2360 persuasisse
534 2288 618 2360 quod
641 2287 776 2346 voluit.''

260 2400 418 2474 inspectis
453 2402 584 2460 scholiis
616 2401 656 2460 ad
687 2401 726 2476 II,
755 2404 782 2476 1,
811 2402 826 2460 1
859 2402 891 2460 et
921 2400 959 2476 V,
986 2402 1014 2476 2,
1040 2404 1059 2461 8
1084 2402 1218 2475 apparet
1240 2401 1390 2458 bonam

215 2529 345 2572 socrum
368 2515 600 2588 bonamque
624 2515 831 2574 meretricem
851 2530 869 2573 a
889 2514 1038 2574 Terentio
1058 2515 1218 2573 inventas.
1240 2513 1285 2573 df.
1307 2529 1390 2587 quae

216 2627 302 2686 dicta
325 2629 402 2686 sunt
423 2643 494 2700 pag.
522 2628 594 2686 191.

260 2741 354 2813 Apud
396 2740 583 2799 Terentium
624 2741 760 2799 Bacchis
798 2742 909 2799 narrat
944 2741 1006 2799 sibi
1040 2741 1147 2814 ipsum
1182 2740 1392 2814 Pamphilum

216 2869 366 2912 narrasse
401 2868 420 2911 a
453 2869 488 2912 se
523 2853 684 2926 virginem
714 2854 864 2912 vitiatam
897 2855 930 2912 et
953 2854 1122 2926 quomodo.
1147 2854 1240 2926 Apud
1263 2852 1390 2927 Apollo-

216 2967 330 3025 dorum
365 2966 427 3025 alio
462 2968 557 3025 modo
592 2981 627 3024 se
658 2982 709 3025 res
740 2966 846 3042 habet,
880 2967 1039 3040 siquidem
1070 2967 1210 3040 legimus
1242 2967 1324 3036 (Soh.
1349 2967 1392 3025 ad

216 3080 253 3155 V,
280 3082 308 3155 8,
336 3081 405 3149 27);
440 3081 612 3155 ,brevitati
643 3081 782 3140 consulit
804 3081 983 3157 Terentius
1008 3097 1085 3141 nam
1109 3083 1142 3140 in
1166 3081 1288 3142 Graeca
1310 3083 1393 3141 haec

217 3195 365 3268 aguntur,
391 3209 455 3252 non
479 3196 682 3253 narrantur.''
707 3195 856 3254 Absurda
879 3196 959 3254 haec
982 3198 1060 3254 sunt
1083 3197 1115 3254 et
1139 3211 1158 3255 a
1181 3195 1391 3269 compilatore

218 3309 367 3381 corrupta
398 3308 462 3380 (qui
493 3309 580 3367 enim
612 3309 645 3367 in
672 3324 769 3367 scena
793 3309 844 3382 agi
868 3311 1005 3382 possunt
1028 3325 1109 3382 quae
1133 3309 1249 3370 abhinc
1271 3324 1391 3368 novem

217 3435 348 3478 menses
379 3420 466 3480 facta
496 3423 606 3490 suntid
639 3423 754 3481 docent
784 3424 896 3481 tamen
927 3423 980 3481 hio
1011 3438 1135 3496 quoque
1166 3424 1252 3482 haud
1275 3423 1392 3482 leviter

216 3534 430 3594 immutatum
454 3536 641 3609 exemplum
665 3535 833 3595 Graecum.

263 3648 308 3706 Id.
334 3649 373 3707 ad
397 3648 433 3724 V,
460 3650 489 3722 3,
515 3651 574 3709 35:
602 3649 779 3724 ,conclusit
810 3649 1029 3709 narrationem
1056 3651 1184 3710 fabulae
1207 3641 1297 3709 more
1320 3665 1389 3724 su0‚

218 3777 258 3821 ne
288 3761 369 3820 haec
399 3762 433 3820 in
455 3763 564 3822 futuro
588 3765 663 3822 actu
687 3765 984 3837 exspectaremus.’'
1010 3743 1104 3837 (Lege
1128 3763 1311 3823 inclusit
1333 3779 1392 3836 pro

218 3877 435 3938 conclusit
458 3880 490 3937 et
514 3880 809 3952 spectaremus
832 3894 888 3952 pro
913 3880 1285 3952 exspectaremus).

221 4079 462 4091 ——‚—

248 4201 263 4250 ι>
284 4198 368 4250 Atque
388 4198 541 4252 ingeniosior
562 4208 638 4251 quam
657 4196 740 4240 verior
758 4197 864 4249 BentleJ'i
883 4195 1025 4240 coniectura
1045 4195 1188 4248 ecorrupto
1203 4193 1234 4237 ad
1248 4193 1393 4237 Terentium

218 4276 312 4321 scholio
326 4277 374 4320 hoc
387 4277 487 4321 fabulae
502 4277 608 4320 Graecae
622 4275 752 4319 exordium
766 4275 888 4318 eruentis:

550 4363 636 4418 ὀλίγαις
654 4359 750 4424 ἐραστὴς
767 4359 839 4417 γέγον’
859 4361 985 4422 &talparum
1002 4361 1065 4421 Σύρα

550 4451 650 4513 βέβαιος.
