3230 5260
838 681 899 738 156

323 841 433 914 Neque
474 841 584 899 minus
625 840 723 915 probo
758 841 843 913 quod
876 856 933 915 pro
968 856 1091 914 quum
1125 842 1270 915 potius
1305 842 1452 914 recripsit

279 954 577 1028 potiusquam.

325 1069 376 1128 25.
412 1067 462 1128 Ad
500 1069 659 1142 originem
693 1069 863 1129 nominum
897 1069 1071 1128 macelli
1106 1070 1139 1128 et
1173 1069 1255 1128 fori
1291 1069 1451 1143 cupedi-

279 1182 390 1241 narii
425 1182 650 1256 explicandam
685 1184 718 1241 et
752 1183 816 1242 alia
850 1199 867 1241 e
902 1183 1044 1242 Varrone
1080 1183 1257 1242 afferuntur
1292 1185 1324 1241 et
1354 1183 1451 1241 haec:

282 1295 353 1370 „his
387 1293 551 1364 (Numerio
585 1294 712 1368 Equitio
748 1294 861 1369 Cupite
892 1297 925 1355 et
955 1296 1114 1355 Romanio
1145 1296 1287 1365 Macello)
1312 1296 1345 1353 in
1369 1297 1451 1355 exsi-

277 1409 359 1468 lium
379 1408 461 1468 actis
480 1408 643 1482 publicata
662 1409 739 1468 sunt
758 1409 850 1484 bona,
873 1412 905 1469 et
925 1410 1021 1468 aedes
1041 1409 1095 1468 ubi
1107 1409 1297 1468 habitabant
1309 1407 1451 1482 dirutae;

279 1537 359 1594 eque
390 1537 428 1580 ea
458 1521 594 1594 pecunia
616 1522 723 1581 scalae
746 1522 849 1581 Deum
873 1522 1045 1582 Penatium
1069 1521 1256 1581 aedificatae
1279 1523 1365 1580 sunt.
1389 1521 1453 1580 Ubi

278 1634 476 1710 habitabant,
513 1635 611 1710 locus,
648 1635 702 1694 nbi
737 1635 887 1695 venirent
922 1650 961 1694 ea
996 1650 1077 1708 quae
1108 1635 1259 1694 vescendi
1291 1651 1389 1695 causa
1419 1636 1453 1693 in

278 1747 391 1807 urbem
423 1750 516 1807 erant
546 1748 677 1808 allata.''
710 1748 798 1823 Quod
829 1748 903 1822 post
926 1747 1189 1807 aedificatae
1213 1751 1312 1808 sunt
1335 1750 1453 1823 legitur
1534 1831 1536 1835 .

278 1862 346 1921 nbi
377 1862 649 1937 habitabant,
679 1862 710 1920 id
734 1862 841 1935 inepte
865 1862 1040 1935 repetitum
1063 1863 1114 1920 est
1137 1877 1154 1920 e
1176 1863 1452 1935 praecedentibus

278 1976 410 2035 Locus
442 1977 552 2034 autem
575 1975 642 2034 iere
666 1975 917 2033 aedificium
941 1971 1111 2049 significat,
1136 1974 1307 2048 verbisque
1333 1975 1452 2050 „locus

277 2089 332 2148 ubi
361 2089 510 2148 venirent
541 2104 579 2148 ea
609 2103 691 2161 quae
720 2057 872 2146 vescendi
904 2103 1001 2147 causa
1024 2087 1057 2146 in
1079 2087 1192 2147 urbem
1217 2089 1310 2147 erant
1332 2087 1453 2147 allata”

278 2202 449 2276 exponitur
469 2217 530 2274 quo
551 2201 683 2260 consilio
701 2201 812 2260 Scalae
824 2200 928 2260 Deum
940 2201 1111 2260 Penatium
1123 2201 1243 2259 fuerint
1256 2202 1453 2260 exstructae.

325 2315 466 2390 „Omnes
496 2315 551 2387 qui
581 2314 747 2374 esculenta
777 2315 809 2373 et
839 2313 1010 2388 poculenta
1033 2314 1178 2372 vendunt
1200 2329 1219 2372 a
1242 2313 1337 2372 rebus
1362 2329 1453 2388 cupe-

278 2428 362 2487 dinis
386 2427 424 2486 ob
445 2428 638 2487 alimentum
659 2427 855 2502 cupedinarii
876 2427 1109 2501 appellantur.”
1131 2425 1324 2500 Corruptum
1344 2426 1454 2487 locum

278 2541 405 2615 egregie
429 2541 569 2600 correxit
592 2540 804 2600 Sabbadinius
828 2540 1017 2600 includendo
1042 2539 1088 2598 ob
1112 2540 1373 2600 alimentum.

323 2655 375 2713 38.
400 2654 514 2724 Hice]
542 2669 618 2729 „pro
642 2654 683 2712 hi
705 2654 845 2713 vetuste.
871 2653 1042 2727 Virgilius:

410 2767 471 2827 His
490 2768 576 2827 certe
596 2782 699 2840 neque
719 2782 811 2826 amor
830 2782 929 2826 causa
948 2767 1015 2825 est:
1035 2765 1093 2824 vix
1112 2766 1240 2826 ossibus
1259 2765 1405 2825 haerent.

322 2881 402 2956 Quia
432 2881 550 2940 hisce
581 2881 716 2940 debebat
746 2881 883 2940 dicere.’'
915 2881 986 2939 Non
1016 2881 1086 2938 tam
1110 2881 1188 2938 sunt
1210 2879 1290 2939 haec
1314 2879 1455 2938 absurda

276 3009 375 3067 quam
404 2994 509 3068 primo
541 2995 674 3067 aspectu
696 2993 855 3053 videntur.
880 2993 933 3052 Sic
957 2993 1044 3052 enim
1068 2993 1193 3066 Virgilii
1215 3008 1349 3052 versum
1373 2992 1454 3052 acci-

276 3122 351 3180 pere
382 3106 598 3167 Scholiastam
630 3122 762 3166 censeo:
795 3122 928 3179 neque
960 3121 1073 3166 amor
1104 3108 1320 3166 causaest
1344 3106 1453 3179 inpa-

276 3220 419 3279 renthesi
442 3220 519 3279 sunt
541 3219 648 3294 posita
671 3221 704 3278 et
723 3221 789 3278 his
809 3219 1031 3279 nominativus
1051 3221 1102 3278 est
1121 3234 1177 3293 pro
1198 3219 1334 3279 hisce:
1355 3221 1455 3280 metri

276 3331 363 3391 enim
387 3333 420 3392 et
443 3333 621 3407 euphoniae
645 3347 744 3392 causa
766 3332 891 3406 syllaba
916 3347 958 3392 ce
983 3332 1162 3391 abiicienda
1184 3333 1254 3392 fuit.

320 3446 362 3505 39
386 3461 434 3519 sq.
657 3445 803 3506 Plurima
825 3446 930 3506 salute
955 3446 1192 3504 Parmenonem

498 3560 671 3619 Summum
695 3575 792 3620 suum
815 3558 962 3634 impertit
986 3559 1123 3619 Gnatho.

191 3724 193 3727 ,
276 3674 328 3732 Sic
357 3673 594 3732 Parmenonem
624 3673 787 3746 parasitus
819 3673 1002 3745 alloquitur.
1034 3672 1218 3732 Annotatur
1251 3673 1351 3746 „haee
1381 3673 1454 3732 tota

273 3786 401 3861 locutio,
423 3785 615 3859 parasiticae
636 3786 815 3859 elegantiae
836 3785 868 3844 et
888 3785 987 3844 simul
1007 3783 1156 3861 εἰρωνείας
1176 3785 1270 3858 plena
1290 3787 1349 3844 est.
1367 3784 1453 3844 Nam

274 3902 307 3960 et
329 3900 505 3974 plurimam
529 3899 606 3958 dicit
629 3900 658 3958 ei
682 3899 832 3974 salutem,
858 3914 956 3971 quem
979 3913 1020 3957 ne
1044 3897 1197 3972 exiguam
1221 3897 1351 3970 quidem
1371 3899 1453 3957 velit

274 4013 437 4074 continere
458 4030 484 4073 e.
499 4029 528 4086 q.
541 4015 590 4072 s.'’
611 4011 805 4086 Gon-uptam
824 4013 932 4072 locum
952 4014 1009 4072 ant
1028 4013 1076 4072 ita
1094 4012 1319 4086 corrigendum
1335 4026 1452 4070 censeo

273 4129 310 4188 ut
344 4143 401 4202 pro
429 4127 652 4186 continere
679 4126 806 4200 legatur
838 4126 1049 4201 obtinere,
1083 4126 1140 4184 aut
1169 4140 1226 4199 pro
1257 4140 1377 4198 quem
1410 4155 1451 4164 -

273 4240 497 4300 continere
521 4240 741 4314 reponendum
766 4229 895 4298 cui—
923 4237 1185 4311 contingere.

318 4354 370 4413 51.
462 4354 530 4427 Age
543 4353 638 4413 modo
651 4368 737 4412 nunc
748 4353 807 4412 tibi
819 4352 1029 4425 patentiores
1041 4352 1103 4411 hae
1115 4351 1191 4425 quia
1203 4350 1303 4410 istam
1315 4351 1416 4410 ducis

274 4466 438 4526 Flebiliter
476 4467 556 4525 haec
594 4481 613 4524 a
647 4466 847 4525 Parmenone
883 4465 1041 4524 dicuntur.
1077 4465 1276 4524 Annotatur:
1316 4480 1377 4539 „ex
1413 4480 1451 4524 eo
