<?xml version="1.0" encoding="UTF-8"?>
<!DOCTYPE html PUBLIC "-//W3C//DTD XHTML 1.0 Transitional//EN"
    "http://www.w3.org/TR/xhtml1/DTD/xhtml1-transitional.dtd">
<html xmlns="http://www.w3.org/1999/xhtml" xml:lang="en" lang="en">
 <head>
  <title>
</title>
<meta http-equiv="Content-Type" content="text/html;charset=utf-8" />
  <meta name='ocr-system' content='tesseract 3.04.00' />
  <meta name='ocr-capabilities' content='ocr_page ocr_carea ocr_par ocr_line ocrx_word'/>
</head>
<body>
  <div class='ocr_page' id='page_1' title='image "./deterentioetdon00hartgoog_0077.png"; bbox 0 0 3254 5274; ppageno 0'>
   <div class='ocr_carea' id='block_1_1' title="bbox 833 612 875 671">
    <p class='ocr_par' dir='ltr' id='par_1_1' title="bbox 833 612 875 671">
     <span class='ocr_line' id='line_1_1' title="bbox 833 612 875 671; baseline 0 0"><span class='ocrx_word' id='word_1_1' title='bbox 833 612 875 671; x_wconf 80' lang='lat'>62</span> 
     </span>
    </p>
   </div>
   <div class='ocr_carea' id='block_1_2' title="bbox 266 799 1441 2581">
    <p class='ocr_par' dir='ltr' id='par_1_2' title="bbox 266 799 1440 1445">
     <span class='ocr_line' id='line_1_2' title="bbox 266 799 1439 878; baseline -0.002 -18"><span class='ocrx_word' id='word_1_2' title='bbox 266 803 303 861; x_wconf 97' lang='lat' dir='ltr'>ut</span> <span class='ocrx_word' id='word_1_3' title='bbox 343 799 381 861; x_wconf 88' lang='lat' dir='ltr'>flt</span> <span class='ocrx_word' id='word_1_4' title='bbox 422 800 455 861; x_wconf 95' lang='lat' dir='ltr'>in</span> <span class='ocrx_word' id='word_1_5' title='bbox 490 801 724 876; x_wconf 82' lang='lat' dir='ltr'>antiquioribus</span> <span class='ocrx_word' id='word_1_6' title='bbox 759 802 961 878; x_wconf 77' lang='lat' dir='ltr'>editionibus,</span> <span class='ocrx_word' id='word_1_7' title='bbox 998 801 1153 862; x_wconf 89' lang='lat' dir='ltr'>Chremes</span> <span class='ocrx_word' id='word_1_8' title='bbox 1170 841 1173 844; x_wconf 89' lang='lat'>-</span> <span class='ocrx_word' id='word_1_9' title='bbox 1188 804 1221 870; x_wconf 87' lang='lat' dir='ltr'>et</span> <span class='ocrx_word' id='word_1_10' title='bbox 1255 799 1353 860; x_wconf 81' lang='lat' dir='ltr'>Thais</span> <span class='ocrx_word' id='word_1_11' title='bbox 1387 799 1439 858; x_wconf 91' lang='lat' dir='ltr'>hic</span> 
     </span>
     <span class='ocr_line' id='line_1_3' title="bbox 266 916 1438 990; baseline 0 -16"><span class='ocrx_word' id='word_1_12' title='bbox 266 916 447 989; x_wconf 77' lang='lat' dir='ltr'>loquantur.</span> <span class='ocrx_word' id='word_1_13' title='bbox 468 916 580 976; x_wconf 84' lang='lat' dir='ltr'>Funde</span> <span class='ocrx_word' id='word_1_14' title='bbox 599 917 686 976; x_wconf 92' lang='lat' dir='ltr'>enim</span> <span class='ocrx_word' id='word_1_15' title='bbox 706 916 798 975; x_wconf 90' lang='lat' dir='ltr'>illum</span> <span class='ocrx_word' id='word_1_16' title='bbox 819 917 910 976; x_wconf 91' lang='lat' dir='ltr'>decet</span> <span class='ocrx_word' id='word_1_17' title='bbox 930 916 984 990; x_wconf 92' lang='lat' dir='ltr'>qui</span> <span class='ocrx_word' id='word_1_18' title='bbox 1004 917 1043 976; x_wconf 90' lang='lat' dir='ltr'>ab</span> <span class='ocrx_word' id='word_1_19' title='bbox 1057 917 1188 976; x_wconf 89' lang='lat' dir='ltr'>aedibus</span> <span class='ocrx_word' id='word_1_20' title='bbox 1200 916 1269 976; x_wconf 90' lang='lat' dir='ltr'>suis</span> <span class='ocrx_word' id='word_1_21' title='bbox 1281 916 1438 976; x_wconf 88' lang='lat' dir='ltr'>maiorem</span> 
     </span>
     <span class='ocr_line' id='line_1_4' title="bbox 267 1029 1438 1105; baseline -0.001 -18"><span class='ocrx_word' id='word_1_22' title='bbox 267 1029 407 1102; x_wconf 90' lang='lat' dir='ltr'>aliquem</span> <span class='ocrx_word' id='word_1_23' title='bbox 438 1045 611 1090; x_wconf 89' lang='lat' dir='ltr'>numerum</span> <span class='ocrx_word' id='word_1_24' title='bbox 641 1030 786 1090; x_wconf 90' lang='lat' dir='ltr'>hostium</span> <span class='ocrx_word' id='word_1_25' title='bbox 817 1030 966 1104; x_wconf 76' lang='lat' dir='ltr'>propellit</span> <span class='ocrx_word' id='word_1_26' title='bbox 996 1030 1113 1105; x_wconf 83' lang='lat' dir='ltr'>(cogita</span> <span class='ocrx_word' id='word_1_27' title='bbox 1143 1031 1238 1091; x_wconf 91' lang='lat' dir='ltr'>modo</span> <span class='ocrx_word' id='word_1_28' title='bbox 1262 1031 1300 1090; x_wconf 94' lang='lat' dir='ltr'>de</span> <span class='ocrx_word' id='word_1_29' title='bbox 1323 1029 1438 1104; x_wconf 89' lang='lat' dir='ltr'>Vespis</span> 
     </span>
     <span class='ocr_line' id='line_1_5' title="bbox 266 1142 1439 1224; baseline 0.001 -24"><span class='ocrx_word' id='word_1_30' title='bbox 266 1142 532 1218; x_wconf 80' lang='lat' dir='ltr'>Aristophaneis),</span> <span class='ocrx_word' id='word_1_31' title='bbox 565 1158 629 1224; x_wconf 91' lang='lat' dir='ltr'>non</span> <span class='ocrx_word' id='word_1_32' title='bbox 661 1158 736 1202; x_wconf 89' lang='lat' dir='ltr'>eum</span> <span class='ocrx_word' id='word_1_33' title='bbox 766 1144 821 1216; x_wconf 93' lang='lat' dir='ltr'>qui</span> <span class='ocrx_word' id='word_1_34' title='bbox 852 1144 883 1202; x_wconf 93' lang='lat' dir='ltr'>in</span> <span class='ocrx_word' id='word_1_35' title='bbox 913 1144 1035 1203; x_wconf 90' lang='lat' dir='ltr'>alienas</span> <span class='ocrx_word' id='word_1_36' title='bbox 1059 1144 1155 1204; x_wconf 88' lang='lat' dir='ltr'>aedes</span> <span class='ocrx_word' id='word_1_37' title='bbox 1179 1144 1339 1218; x_wconf 89' lang='lat' dir='ltr'>impetum</span> <span class='ocrx_word' id='word_1_38' title='bbox 1362 1143 1439 1202; x_wconf 89' lang='lat' dir='ltr'>facit</span> 
     </span>
     <span class='ocr_line' id='line_1_6' title="bbox 267 1255 1440 1332; baseline -0.003 -17"><span class='ocrx_word' id='word_1_39' title='bbox 267 1258 342 1315; x_wconf 88' lang='lat' dir='ltr'>ante</span> <span class='ocrx_word' id='word_1_40' title='bbox 362 1271 442 1329; x_wconf 88' lang='lat' dir='ltr'>quas</span> <span class='ocrx_word' id='word_1_41' title='bbox 462 1255 634 1315; x_wconf 86' lang='lat' dir='ltr'>neminem</span> <span class='ocrx_word' id='word_1_42' title='bbox 647 1258 791 1316; x_wconf 88' lang='lat' dir='ltr'>stantem</span> <span class='ocrx_word' id='word_1_43' title='bbox 811 1257 976 1331; x_wconf 82' lang='lat' dir='ltr'>conspicit.</span> <span class='ocrx_word' id='word_1_44' title='bbox 997 1257 1038 1316; x_wconf 84' lang='lat' dir='ltr'>Et</span> <span class='ocrx_word' id='word_1_45' title='bbox 1053 1258 1200 1332; x_wconf 89' lang='lat' dir='ltr'>ineptum</span> <span class='ocrx_word' id='word_1_46' title='bbox 1213 1259 1264 1317; x_wconf 86' lang='lat' dir='ltr'>est</span> <span class='ocrx_word' id='word_1_47' title='bbox 1278 1256 1440 1330; x_wconf 87' lang='lat' dir='ltr'>,facerent</span> 
     </span>
     <span class='ocr_line' id='line_1_7' title="bbox 266 1369 1179 1445; baseline 0.002 -17"><span class='ocrx_word' id='word_1_48' title='bbox 266 1369 399 1443; x_wconf 82' lang='lat' dir='ltr'>fugam’</span> <span class='ocrx_word' id='word_1_49' title='bbox 424 1370 462 1428; x_wconf 88' lang='lat' dir='ltr'>de</span> <span class='ocrx_word' id='word_1_50' title='bbox 486 1369 526 1428; x_wconf 90' lang='lat' dir='ltr'>iis</span> <span class='ocrx_word' id='word_1_51' title='bbox 550 1369 672 1429; x_wconf 92' lang='lat' dir='ltr'>dictum</span> <span class='ocrx_word' id='word_1_52' title='bbox 697 1385 776 1443; x_wconf 89' lang='lat' dir='ltr'>quos</span> <span class='ocrx_word' id='word_1_53' title='bbox 800 1370 888 1429; x_wconf 91' lang='lat' dir='ltr'>domi</span> <span class='ocrx_word' id='word_1_54' title='bbox 911 1370 1053 1430; x_wconf 91' lang='lat' dir='ltr'>inclusos</span> <span class='ocrx_word' id='word_1_55' title='bbox 1076 1372 1179 1445; x_wconf 85' lang='lat' dir='ltr'>putee.</span> 
     </span>
    </p>

    <p class='ocr_par' dir='ltr' id='par_1_3' title="bbox 268 1482 1437 1671">
     <span class='ocr_line' id='line_1_8' title="bbox 311 1482 1437 1558; baseline 0 -17"><span class='ocrx_word' id='word_1_56' title='bbox 311 1483 396 1542; x_wconf 89' lang='lat' dir='ltr'>Dum</span> <span class='ocrx_word' id='word_1_57' title='bbox 419 1483 517 1542; x_wconf 81' lang='lat' dir='ltr'>Thais</span> <span class='ocrx_word' id='word_1_58' title='bbox 536 1482 694 1556; x_wconf 87' lang='lat' dir='ltr'>loquitur:</span> <span class='ocrx_word' id='word_1_59' title='bbox 717 1483 883 1558; x_wconf 80' lang='lat' dir='ltr'>,Fundam</span> <span class='ocrx_word' id='word_1_60' title='bbox 905 1517 944 1526; x_wconf 95' lang='lat'><strong>—</strong></span> <span class='ocrx_word' id='word_1_61' title='bbox 962 1483 1094 1558; x_wconf 79' lang='lat' dir='ltr'>fugam’</span> <span class='ocrx_word' id='word_1_62' title='bbox 1109 1485 1142 1544; x_wconf 91' lang='lat' dir='ltr'>et</span> <span class='ocrx_word' id='word_1_63' title='bbox 1154 1483 1309 1544; x_wconf 83' lang='lat' dir='ltr'>Chremes</span> <span class='ocrx_word' id='word_1_64' title='bbox 1321 1483 1437 1556; x_wconf 90' lang='lat' dir='ltr'>latitat,</span> 
     </span>
     <span class='ocr_line' id='line_1_9' title="bbox 268 1596 1049 1671; baseline 0.001 -16"><span class='ocrx_word' id='word_1_65' title='bbox 268 1596 338 1670; x_wconf 90' lang='lat' dir='ltr'>ipsa</span> <span class='ocrx_word' id='word_1_66' title='bbox 360 1597 502 1670; x_wconf 84' lang='lat' dir='ltr'>procedit</span> <span class='ocrx_word' id='word_1_67' title='bbox 526 1596 572 1656; x_wconf 93' lang='lat' dir='ltr'>ita</span> <span class='ocrx_word' id='word_1_68' title='bbox 595 1598 632 1655; x_wconf 89' lang='lat' dir='ltr'>ut</span> <span class='ocrx_word' id='word_1_69' title='bbox 655 1611 675 1656; x_wconf 91' lang='lat' dir='ltr'>a</span> <span class='ocrx_word' id='word_1_70' title='bbox 697 1597 801 1656; x_wconf 91' lang='lat' dir='ltr'>milite</span> <span class='ocrx_word' id='word_1_71' title='bbox 825 1597 1049 1671; x_wconf 88' lang='lat' dir='ltr'>conspiciatur.</span> 
     </span>
    </p>

    <p class='ocr_par' dir='ltr' id='par_1_4' title="bbox 268 1709 1440 2013">
     <span class='ocr_line' id='line_1_10' title="bbox 313 1709 1440 1786; baseline -0.001 -16"><span class='ocrx_word' id='word_1_72' title='bbox 313 1709 491 1785; x_wconf 78' lang='lat' dir='ltr'>Conspecta</span> <span class='ocrx_word' id='word_1_73' title='bbox 525 1710 646 1770; x_wconf 88' lang='lat' dir='ltr'>Thaide</span> <span class='ocrx_word' id='word_1_74' title='bbox 681 1711 869 1784; x_wconf 86' lang='lat' dir='ltr'>priusquam</span> <span class='ocrx_word' id='word_1_75' title='bbox 904 1711 1005 1770; x_wconf 88' lang='lat' dir='ltr'>armis</span> <span class='ocrx_word' id='word_1_76' title='bbox 1040 1712 1199 1786; x_wconf 86' lang='lat' dir='ltr'>impetum</span> <span class='ocrx_word' id='word_1_77' title='bbox 1233 1712 1332 1771; x_wconf 87' lang='lat' dir='ltr'>faciat</span> <span class='ocrx_word' id='word_1_78' title='bbox 1367 1711 1440 1784; x_wconf 90' lang='lat' dir='ltr'>quid</span> 
     </span>
     <span class='ocr_line' id='line_1_11' title="bbox 268 1823 1439 1900; baseline -0.001 -17"><span class='ocrx_word' id='word_1_79' title='bbox 268 1823 367 1883; x_wconf 86' lang='lat' dir='ltr'>verba</span> <span class='ocrx_word' id='word_1_80' title='bbox 404 1839 464 1884; x_wconf 90' lang='lat' dir='ltr'>sua</span> <span class='ocrx_word' id='word_1_81' title='bbox 497 1824 629 1884; x_wconf 87' lang='lat' dir='ltr'>valeant</span> <span class='ocrx_word' id='word_1_82' title='bbox 659 1839 694 1883; x_wconf 91' lang='lat' dir='ltr'>se</span> <span class='ocrx_word' id='word_1_83' title='bbox 726 1824 865 1898; x_wconf 90' lang='lat' dir='ltr'>experiri</span> <span class='ocrx_word' id='word_1_84' title='bbox 895 1825 979 1884; x_wconf 90' lang='lat' dir='ltr'>velle</span> <span class='ocrx_word' id='word_1_85' title='bbox 1010 1823 1180 1900; x_wconf 84' lang='lat' dir='ltr'>significat.</span> <span class='ocrx_word' id='word_1_86' title='bbox 1212 1825 1338 1884; x_wconf 87' lang='lat' dir='ltr'>Laudat</span> <span class='ocrx_word' id='word_1_87' title='bbox 1372 1824 1439 1884; x_wconf 88' lang='lat' dir='ltr'>eius</span> 
     </span>
     <span class='ocr_line' id='line_1_12' title="bbox 268 1936 681 2013; baseline -0.002 -15"><span class='ocrx_word' id='word_1_88' title='bbox 268 1939 473 2013; x_wconf 85' lang='lat' dir='ltr'>prudentiam</span> <span class='ocrx_word' id='word_1_89' title='bbox 497 1936 624 1997; x_wconf 80' lang='lat' dir='ltr'>Gnatho</span> <span class='ocrx_word' id='word_1_90' title='bbox 647 1939 681 1997; x_wconf 88' lang='lat' dir='ltr'>et</span> 
     </span>
    </p>

    <p class='ocr_par' dir='ltr' id='par_1_5' title="bbox 268 2052 1441 2581">
     <span class='ocr_line' id='line_1_13' title="bbox 690 2052 1395 2128; baseline 0.003 -17"><span class='ocrx_word' id='word_1_91' title='bbox 690 2053 768 2127; x_wconf 87' lang='lat' dir='ltr'>„Di”</span> <span class='ocrx_word' id='word_1_92' title='bbox 794 2053 851 2122; x_wconf 84' lang='lat' dir='ltr'>(ait</span> <span class='ocrx_word' id='word_1_93' title='bbox 876 2068 921 2112; x_wconf 85' lang='lat' dir='ltr'>ve.</span> <span class='ocrx_word' id='word_1_94' title='bbox 948 2053 1012 2112; x_wconf 84' lang='lat'>790</span> <span class='ocrx_word' id='word_1_95' title='bbox 1035 2057 1094 2127; x_wconf 78' lang='lat' dir='ltr'>sq.)</span> <span class='ocrx_word' id='word_1_96' title='bbox 1119 2056 1265 2113; x_wconf 85' lang='lat' dir='ltr'>vostram</span> <span class='ocrx_word' id='word_1_97' title='bbox 1289 2052 1395 2128; x_wconf 89' lang='lat' dir='ltr'>fidem,</span> 
     </span>
     <span class='ocr_line' id='line_1_14' title="bbox 358 2165 1439 2242; baseline 0.001 -18"><span class='ocrx_word' id='word_1_98' title='bbox 358 2165 508 2240; x_wconf 75' lang='lat' dir='ltr'>Quantist</span> <span class='ocrx_word' id='word_1_99' title='bbox 520 2167 646 2240; x_wconf 84' lang='lat' dir='ltr'>saperet</span> <span class='ocrx_word' id='word_1_100' title='bbox 660 2181 826 2240; x_wconf 91' lang='lat' dir='ltr'>nunquam</span> <span class='ocrx_word' id='word_1_101' title='bbox 839 2166 964 2242; x_wconf 88' lang='lat' dir='ltr'>accede,</span> <span class='ocrx_word' id='word_1_102' title='bbox 978 2167 1056 2240; x_wconf 91' lang='lat' dir='ltr'>quin</span> <span class='ocrx_word' id='word_1_103' title='bbox 1068 2167 1125 2226; x_wconf 89' lang='lat' dir='ltr'>abs</span> <span class='ocrx_word' id='word_1_104' title='bbox 1137 2169 1170 2226; x_wconf 91' lang='lat' dir='ltr'>te</span> <span class='ocrx_word' id='word_1_105' title='bbox 1183 2167 1298 2227; x_wconf 86' lang='lat' dir='ltr'>abeam</span> <span class='ocrx_word' id='word_1_106' title='bbox 1310 2167 1439 2227; x_wconf 91' lang='lat' dir='ltr'>doctior.</span> 
     </span>
     <span class='ocr_line' id='line_1_15' title="bbox 268 2269 1440 2354; baseline 0 -16"><span class='ocrx_word' id='word_1_107' title='bbox 268 2279 447 2339; x_wconf 89' lang='lat' dir='ltr'>Notissima</span> <span class='ocrx_word' id='word_1_108' title='bbox 465 2269 663 2350; x_wconf 60' lang='lat' dir='ltr'>verbasthaec</span> <span class='ocrx_word' id='word_1_109' title='bbox 682 2281 768 2338; x_wconf 89' lang='lat' dir='ltr'>sunt.</span> <span class='ocrx_word' id='word_1_110' title='bbox 789 2279 912 2339; x_wconf 87' lang='lat' dir='ltr'>Tamen</span> <span class='ocrx_word' id='word_1_111' title='bbox 931 2281 989 2338; x_wconf 88' lang='lat' dir='ltr'>vix</span> <span class='ocrx_word' id='word_1_112' title='bbox 1009 2282 1041 2340; x_wconf 91' lang='lat' dir='ltr'>et</span> <span class='ocrx_word' id='word_1_113' title='bbox 1060 2296 1100 2340; x_wconf 89' lang='lat' dir='ltr'>ne</span> <span class='ocrx_word' id='word_1_114' title='bbox 1116 2280 1173 2339; x_wconf 86' lang='lat' dir='ltr'>uix</span> <span class='ocrx_word' id='word_1_115' title='bbox 1185 2280 1316 2354; x_wconf 86' lang='lat' dir='ltr'>quidem</span> <span class='ocrx_word' id='word_1_116' title='bbox 1329 2295 1440 2340; x_wconf 90' lang='lat' dir='ltr'>omnes</span> 
     </span>
     <span class='ocr_line' id='line_1_16' title="bbox 269 2393 1440 2469; baseline -0.001 -17"><span class='ocrx_word' id='word_1_117' title='bbox 269 2393 338 2452; x_wconf 91' lang='lat' dir='ltr'>eius</span> <span class='ocrx_word' id='word_1_118' title='bbox 357 2393 481 2467; x_wconf 90' lang='lat' dir='ltr'>lepores</span> <span class='ocrx_word' id='word_1_119' title='bbox 502 2394 656 2466; x_wconf 83' lang='lat' dir='ltr'>agnoscat</span> <span class='ocrx_word' id='word_1_120' title='bbox 675 2393 738 2451; x_wconf 90' lang='lat' dir='ltr'>nisi</span> <span class='ocrx_word' id='word_1_121' title='bbox 758 2393 813 2467; x_wconf 94' lang='lat' dir='ltr'>qui</span> <span class='ocrx_word' id='word_1_122' title='bbox 831 2393 989 2466; x_wconf 85' lang='lat' dir='ltr'>magistro</span> <span class='ocrx_word' id='word_1_123' title='bbox 1008 2395 1120 2453; x_wconf 87' lang='lat' dir='ltr'>utatur</span> <span class='ocrx_word' id='word_1_124' title='bbox 1140 2393 1329 2469; x_wconf 81' lang='lat' dir='ltr'>Scholiasta,</span> <span class='ocrx_word' id='word_1_125' title='bbox 1352 2394 1440 2452; x_wconf 88' lang='lat' dir='ltr'>ouius</span> 
     </span>
     <span class='ocr_line' id='line_1_17' title="bbox 269 2505 1441 2581; baseline 0.001 -17"><span class='ocrx_word' id='word_1_126' title='bbox 269 2507 349 2565; x_wconf 88' lang='lat' dir='ltr'>haec</span> <span class='ocrx_word' id='word_1_127' title='bbox 369 2507 418 2565; x_wconf 88' lang='lat' dir='ltr'>est</span> <span class='ocrx_word' id='word_1_128' title='bbox 438 2505 639 2580; x_wconf 89' lang='lat' dir='ltr'>lepidissima</span> <span class='ocrx_word' id='word_1_129' title='bbox 659 2506 842 2566; x_wconf 88' lang='lat' dir='ltr'>annotatio:</span> <span class='ocrx_word' id='word_1_130' title='bbox 866 2507 964 2581; x_wconf 86' lang='lat' dir='ltr'>,Mire</span> <span class='ocrx_word' id='word_1_131' title='bbox 984 2507 1050 2580; x_wconf 86' lang='lat' dir='ltr'>egit</span> <span class='ocrx_word' id='word_1_132' title='bbox 1065 2521 1237 2581; x_wconf 88' lang='lat' dir='ltr'>personam</span> <span class='ocrx_word' id='word_1_133' title='bbox 1250 2507 1441 2566; x_wconf 86' lang='lat' dir='ltr'>admirantis</span> 
     </span>
    </p>
   </div>
   <div class='ocr_carea' id='block_1_3' title="bbox 268 2615 1441 3382">
    <p class='ocr_par' dir='ltr' id='par_1_6' title="bbox 268 2615 1441 3382">
     <span class='ocr_line' id='line_1_18' title="bbox 269 2615 1441 2696; baseline 0.001 -18"><span class='ocrx_word' id='word_1_134' title='bbox 269 2635 325 2693; x_wconf 89' lang='lat' dir='ltr'>per</span> <span class='ocrx_word' id='word_1_135' title='bbox 347 2619 469 2678; x_wconf 89' lang='lat' dir='ltr'>trinam</span> <span class='ocrx_word' id='word_1_136' title='bbox 492 2615 701 2694; x_wconf 76' lang='grc' dir='ltr'><strong>ἀποστροφήν;</strong></span> <span class='ocrx_word' id='word_1_137' title='bbox 726 2620 765 2679; x_wconf 90' lang='lat' dir='ltr'>ad</span> <span class='ocrx_word' id='word_1_138' title='bbox 789 2620 882 2679; x_wconf 89' lang='lat' dir='ltr'>deos:</span> <span class='ocrx_word' id='word_1_139' title='bbox 911 2618 950 2678; x_wconf 89' lang='lat' dir='ltr'>di</span> <span class='ocrx_word' id='word_1_140' title='bbox 970 2622 1161 2679; x_wconf 85' lang='lat' dir='ltr'>vostram</span> <span class='ocrx_word' id='word_1_141' title='bbox 1181 2619 1325 2696; x_wconf 86' lang='lat' dir='ltr'>fidem,</span> <span class='ocrx_word' id='word_1_142' title='bbox 1348 2621 1441 2680; x_wconf 90' lang='lat' dir='ltr'>adse</span> 
     </span>
     <span class='ocr_line' id='line_1_19' title="bbox 268 2732 1440 2808; baseline 0 -16"><span class='ocrx_word' id='word_1_143' title='bbox 268 2734 393 2807; x_wconf 91' lang='lat' dir='ltr'>ipsum:</span> <span class='ocrx_word' id='word_1_144' title='bbox 418 2732 614 2807; x_wconf 88' lang='lat' dir='ltr'>quantist</span> <span class='ocrx_word' id='word_1_145' title='bbox 634 2748 792 2808; x_wconf 86' lang='lat' dir='ltr'>sapere,</span> <span class='ocrx_word' id='word_1_146' title='bbox 815 2734 854 2792; x_wconf 92' lang='lat' dir='ltr'>ad</span> <span class='ocrx_word' id='word_1_147' title='bbox 873 2733 1032 2793; x_wconf 89' lang='lat' dir='ltr'>militem:</span> <span class='ocrx_word' id='word_1_148' title='bbox 1056 2749 1267 2807; x_wconf 86' lang='lat' dir='ltr'>nunquam</span> <span class='ocrx_word' id='word_1_149' title='bbox 1294 2767 1333 2777; x_wconf 93' lang='grc'>-</span> <span class='ocrx_word' id='word_1_150' title='bbox 1358 2734 1440 2793; x_wconf 90' lang='lat' dir='ltr'>doc·</span> 
     </span>
     <span class='ocr_line' id='line_1_20' title="bbox 268 2847 1439 2923; baseline 0.001 -18"><span class='ocrx_word' id='word_1_151' title='bbox 268 2848 362 2907; x_wconf 87' lang='lat' dir='ltr'>tior.</span> <span class='ocrx_word' id='word_1_152' title='bbox 394 2847 434 2906; x_wconf 84' lang='lat' dir='ltr'>Et</span> <span class='ocrx_word' id='word_1_153' title='bbox 464 2848 597 2908; x_wconf 88' lang='lat' dir='ltr'>ridicule</span> <span class='ocrx_word' id='word_1_154' title='bbox 627 2849 790 2922; x_wconf 88' lang='lat' dir='ltr'>parasitus</span> <span class='ocrx_word' id='word_1_155' title='bbox 816 2863 1028 2921; x_wconf 88' lang='lat' dir='ltr'>nunquam</span> <span class='ocrx_word' id='word_1_156' title='bbox 1052 2849 1204 2908; x_wconf 89' lang='lat' dir='ltr'>accedo</span> <span class='ocrx_word' id='word_1_157' title='bbox 1229 2849 1269 2908; x_wconf 89' lang='lat' dir='ltr'>ad</span> <span class='ocrx_word' id='word_1_158' title='bbox 1292 2851 1325 2908; x_wconf 91' lang='lat' dir='ltr'>te</span> <span class='ocrx_word' id='word_1_159' title='bbox 1349 2848 1439 2923; x_wconf 83' lang='lat' dir='ltr'>dixit,</span> 
     </span>
     <span class='ocr_line' id='line_1_21' title="bbox 269 2959 689 3035; baseline 0.005 -16"><span class='ocrx_word' id='word_1_160' title='bbox 269 2959 324 3033; x_wconf 93' lang='lat' dir='ltr'>qui</span> <span class='ocrx_word' id='word_1_161' title='bbox 346 2976 513 3035; x_wconf 89' lang='lat' dir='ltr'>nunquam</span> <span class='ocrx_word' id='word_1_162' title='bbox 536 2962 689 3021; x_wconf 89' lang='lat' dir='ltr'>recedit.”</span> 
     </span>
     <span class='ocr_line' id='line_1_22' title="bbox 315 3075 958 3149; baseline 0 -16"><span class='ocrx_word' id='word_1_163' title='bbox 315 3075 366 3134; x_wconf 83' lang='lat' dir='ltr'>Sic</span> <span class='ocrx_word' id='word_1_164' title='bbox 390 3090 464 3148; x_wconf 85' lang='lat' dir='ltr'>ergo</span> <span class='ocrx_word' id='word_1_165' title='bbox 488 3090 561 3134; x_wconf 91' lang='lat' dir='ltr'>eam</span> <span class='ocrx_word' id='word_1_166' title='bbox 585 3076 758 3148; x_wconf 89' lang='lat' dir='ltr'>alloquitur</span> <span class='ocrx_word' id='word_1_167' title='bbox 782 3077 857 3144; x_wconf 80' lang='lat'><strong>(792</strong></span> <span class='ocrx_word' id='word_1_168' title='bbox 882 3079 958 3149; x_wconf 60' lang='lat' dir='ltr'>sqq:</span> 
     </span>
     <span class='ocr_line' id='line_1_23' title="bbox 357 3188 1408 3264; baseline 0.003 -17"><span class='ocrx_word' id='word_1_169' title='bbox 357 3188 466 3264; x_wconf 80' lang='lat' dir='ltr'>Thais,</span> <span class='ocrx_word' id='word_1_170' title='bbox 491 3189 634 3263; x_wconf 89' lang='lat' dir='ltr'>primum</span> <span class='ocrx_word' id='word_1_171' title='bbox 657 3189 718 3249; x_wconf 91' lang='lat' dir='ltr'>hoc</span> <span class='ocrx_word' id='word_1_172' title='bbox 740 3189 822 3247; x_wconf 92' lang='lat' dir='ltr'>mihi</span> <span class='ocrx_word' id='word_1_173' title='bbox 845 3190 1018 3264; x_wconf 89' lang='lat' dir='ltr'>responde:</span> <span class='ocrx_word' id='word_1_174' title='bbox 1043 3205 1141 3263; x_wconf 93' lang='lat' dir='ltr'>quom</span> <span class='ocrx_word' id='word_1_175' title='bbox 1165 3191 1224 3250; x_wconf 89' lang='lat' dir='ltr'>tibi</span> <span class='ocrx_word' id='word_1_176' title='bbox 1247 3192 1286 3250; x_wconf 89' lang='lat' dir='ltr'>do</span> <span class='ocrx_word' id='word_1_177' title='bbox 1311 3192 1408 3252; x_wconf 90' lang='lat' dir='ltr'>istam</span> 
     </span>
     <span class='ocr_line' id='line_1_24' title="bbox 1165 3305 1439 3382; baseline -0.004 -19"><span class='ocrx_word' id='word_1_178' title='bbox 1165 3375 1167 3382; x_wconf 28' lang='grc' dir='ltr'>Ι</span> <span class='ocrx_word' id='word_1_179' title='bbox 1262 3305 1439 3378; x_wconf 76' lang='lat' dir='ltr'>[virginem</span> 
     </span>
    </p>
   </div>
   <div class='ocr_carea' id='block_1_4' title="bbox 270 3413 1446 4516">
    <p class='ocr_par' dir='ltr' id='par_1_7' title="bbox 358 3413 1014 3476">
     <span class='ocr_line' id='line_1_25' title="bbox 358 3413 1014 3476; baseline 0.006 -4"><span class='ocrx_word' id='word_1_180' title='bbox 358 3413 471 3475; x_wconf 85' lang='lat' dir='ltr'>Dixtin</span> <span class='ocrx_word' id='word_1_181' title='bbox 494 3416 554 3476; x_wconf 93' lang='lat' dir='ltr'>hos</span> <span class='ocrx_word' id='word_1_182' title='bbox 577 3416 659 3475; x_wconf 93' lang='lat' dir='ltr'>mihi</span> <span class='ocrx_word' id='word_1_183' title='bbox 682 3417 750 3476; x_wconf 89' lang='lat' dir='ltr'>dies</span> <span class='ocrx_word' id='word_1_184' title='bbox 774 3417 835 3476; x_wconf 90' lang='lat' dir='ltr'>soli</span> <span class='ocrx_word' id='word_1_185' title='bbox 859 3417 933 3476; x_wconf 88' lang='lat' dir='ltr'>dare</span> <span class='ocrx_word' id='word_1_186' title='bbox 957 3419 1014 3476; x_wconf 85' lang='lat' dir='ltr'>te?</span> 
     </span>
    </p>

    <p class='ocr_par' dir='ltr' id='par_1_8' title="bbox 270 3529 1441 3718">
     <span class='ocr_line' id='line_1_26' title="bbox 270 3529 1441 3605; baseline -0.001 -17"><span class='ocrx_word' id='word_1_187' title='bbox 270 3529 454 3602; x_wconf 89' lang='lat' dir='ltr'>Respondet</span> <span class='ocrx_word' id='word_1_188' title='bbox 484 3530 599 3589; x_wconf 88' lang='lat' dir='ltr'>Thais:</span> <span class='ocrx_word' id='word_1_189' title='bbox 634 3529 735 3605; x_wconf 79' lang='lat' dir='ltr'>,Quid</span> <span class='ocrx_word' id='word_1_190' title='bbox 764 3531 837 3589; x_wconf 89' lang='lat' dir='ltr'>tum</span> <span class='ocrx_word' id='word_1_191' title='bbox 867 3532 980 3603; x_wconf 88' lang='lat' dir='ltr'>postea</span> <span class='ocrx_word' id='word_1_192' title='bbox 988 3531 1024 3588; x_wconf 84' lang='lat'>?”</span> <span class='ocrx_word' id='word_1_193' title='bbox 1056 3531 1171 3589; x_wconf 89' lang='lat' dir='ltr'>Nullus</span> <span class='ocrx_word' id='word_1_194' title='bbox 1205 3531 1295 3590; x_wconf 88' lang='lat' dir='ltr'>locus</span> <span class='ocrx_word' id='word_1_195' title='bbox 1326 3529 1441 3590; x_wconf 89' lang='lat' dir='ltr'>melius</span> 
     </span>
     <span class='ocr_line' id='line_1_27' title="bbox 271 3643 1440 3718; baseline -0.002 -14"><span class='ocrx_word' id='word_1_196' title='bbox 271 3661 369 3718; x_wconf 91' lang='lat' dir='ltr'>quam</span> <span class='ocrx_word' id='word_1_197' title='bbox 389 3645 441 3704; x_wconf 92' lang='lat' dir='ltr'>hic</span> <span class='ocrx_word' id='word_1_198' title='bbox 460 3645 553 3704; x_wconf 90' lang='lat' dir='ltr'>docet</span> <span class='ocrx_word' id='word_1_199' title='bbox 573 3643 647 3716; x_wconf 89' lang='lat' dir='ltr'>quid</span> <span class='ocrx_word' id='word_1_200' title='bbox 667 3643 711 3702; x_wconf 90' lang='lat' dir='ltr'>sit</span> <span class='ocrx_word' id='word_1_201' title='bbox 730 3643 828 3717; x_wconf 92' lang='lat' dir='ltr'>quid</span> <span class='ocrx_word' id='word_1_202' title='bbox 851 3645 938 3702; x_wconf 93' lang='lat' dir='ltr'>tum</span> <span class='ocrx_word' id='word_1_203' title='bbox 961 3645 1119 3717; x_wconf 87' lang='lat' dir='ltr'>postea.</span> <span class='ocrx_word' id='word_1_204' title='bbox 1140 3644 1178 3703; x_wconf 92' lang='lat' dir='ltr'>V.</span> <span class='ocrx_word' id='word_1_205' title='bbox 1200 3645 1239 3704; x_wconf 89' lang='lat' dir='ltr'>ad</span> <span class='ocrx_word' id='word_1_206' title='bbox 1255 3660 1303 3704; x_wconf 84' lang='lat' dir='ltr'>ve.</span> <span class='ocrx_word' id='word_1_207' title='bbox 1319 3646 1381 3704; x_wconf 83' lang='grc'>637</span> <span class='ocrx_word' id='word_1_208' title='bbox 1395 3659 1440 3716; x_wconf 90' lang='lat' dir='ltr'>sq.</span> 
     </span>
    </p>

    <p class='ocr_par' dir='ltr' id='par_1_9' title="bbox 270 3756 1446 4516">
     <span class='ocr_line' id='line_1_28' title="bbox 316 3756 1440 3833; baseline 0 -17"><span class='ocrx_word' id='word_1_209' title='bbox 316 3759 428 3832; x_wconf 82' lang='lat' dir='ltr'>Sperni</span> <span class='ocrx_word' id='word_1_210' title='bbox 451 3773 487 3817; x_wconf 87' lang='lat' dir='ltr'>se</span> <span class='ocrx_word' id='word_1_211' title='bbox 511 3773 533 3832; x_wconf 89' lang='lat' dir='ltr'>a</span> <span class='ocrx_word' id='word_1_212' title='bbox 553 3757 673 3816; x_wconf 88' lang='lat' dir='ltr'>Thaide</span> <span class='ocrx_word' id='word_1_213' title='bbox 693 3758 726 3816; x_wconf 91' lang='lat' dir='ltr'>et</span> <span class='ocrx_word' id='word_1_214' title='bbox 746 3758 909 3816; x_wconf 89' lang='lat' dir='ltr'>contemni</span> <span class='ocrx_word' id='word_1_215' title='bbox 929 3756 1042 3815; x_wconf 90' lang='lat' dir='ltr'>videns</span> <span class='ocrx_word' id='word_1_216' title='bbox 1061 3757 1174 3816; x_wconf 87' lang='lat' dir='ltr'>miles:</span> <span class='ocrx_word' id='word_1_217' title='bbox 1198 3757 1440 3833; x_wconf 86' lang='lat' dir='ltr'>„Pamphilam”</span> 
     </span>
     <span class='ocr_line' id='line_1_29' title="bbox 271 3871 1442 3947; baseline -0.002 -15"><span class='ocrx_word' id='word_1_218' title='bbox 271 3873 317 3932; x_wconf 89' lang='lat' dir='ltr'>ait</span> <span class='ocrx_word' id='word_1_219' title='bbox 351 3877 409 3943; x_wconf 80' lang='lat' dir='ltr'>(ve.</span> <span class='ocrx_word' id='word_1_220' title='bbox 443 3873 517 3942; x_wconf 81' lang='lat'><strong>796)</strong></span> <span class='ocrx_word' id='word_1_221' title='bbox 552 3886 646 3946; x_wconf 83' lang='lat' dir='ltr'>,ergo</span> <span class='ocrx_word' id='word_1_222' title='bbox 676 3871 739 3930; x_wconf 92' lang='lat' dir='ltr'>huc</span> <span class='ocrx_word' id='word_1_223' title='bbox 769 3871 874 3946; x_wconf 90' lang='lat' dir='ltr'>redde,</span> <span class='ocrx_word' id='word_1_224' title='bbox 907 3871 970 3929; x_wconf 91' lang='lat' dir='ltr'>nisi</span> <span class='ocrx_word' id='word_1_225' title='bbox 1001 3872 1030 3930; x_wconf 90' lang='lat' dir='ltr'>si</span> <span class='ocrx_word' id='word_1_226' title='bbox 1060 3872 1168 3931; x_wconf 89' lang='lat' dir='ltr'>mavis</span> <span class='ocrx_word' id='word_1_227' title='bbox 1191 3873 1224 3931; x_wconf 90' lang='lat' dir='ltr'>vi</span> <span class='ocrx_word' id='word_1_228' title='bbox 1248 3873 1358 3947; x_wconf 87' lang='lat' dir='ltr'>eripi.’&#39;</span> <span class='ocrx_word' id='word_1_229' title='bbox 1384 3872 1442 3931; x_wconf 90' lang='lat' dir='ltr'>Hic</span> 
     </span>
     <span class='ocr_line' id='line_1_30' title="bbox 270 3985 1443 4060; baseline 0 -16"><span class='ocrx_word' id='word_1_230' title='bbox 270 3986 376 4046; x_wconf 92' lang='lat' dir='ltr'>subito</span> <span class='ocrx_word' id='word_1_231' title='bbox 414 3985 659 4052; x_wconf 88' lang='lat' dir='ltr'>minitabundus</span> <span class='ocrx_word' id='word_1_232' title='bbox 698 3987 730 4044; x_wconf 87' lang='lat' dir='ltr'>et</span> <span class='ocrx_word' id='word_1_233' title='bbox 768 4000 843 4044; x_wconf 93' lang='lat' dir='ltr'>cum</span> <span class='ocrx_word' id='word_1_234' title='bbox 873 3985 987 4044; x_wconf 91' lang='lat' dir='ltr'>multis</span> <span class='ocrx_word' id='word_1_235' title='bbox 1018 3986 1201 4046; x_wconf 85' lang='lat' dir='ltr'>maledictis</span> <span class='ocrx_word' id='word_1_236' title='bbox 1233 3987 1443 4060; x_wconf 80' lang='lat' dir='ltr'>convitiisque</span> 
     </span>
     <span class='ocr_line' id='line_1_31' title="bbox 270 4099 1445 4174; baseline -0.001 -13"><span class='ocrx_word' id='word_1_237' title='bbox 270 4103 362 4161; x_wconf 88' lang='lat' dir='ltr'>vetat</span> <span class='ocrx_word' id='word_1_238' title='bbox 392 4117 467 4161; x_wconf 86' lang='lat' dir='ltr'>eum</span> <span class='ocrx_word' id='word_1_239' title='bbox 499 4099 652 4160; x_wconf 80' lang='lat' dir='ltr'>Chremes</span> <span class='ocrx_word' id='word_1_240' title='bbox 683 4115 778 4159; x_wconf 88' lang='lat' dir='ltr'>suam</span> <span class='ocrx_word' id='word_1_241' title='bbox 809 4103 942 4174; x_wconf 86' lang='lat' dir='ltr'>tangere</span> <span class='ocrx_word' id='word_1_242' title='bbox 973 4116 1126 4160; x_wconf 91' lang='lat' dir='ltr'>sororem.</span> <span class='ocrx_word' id='word_1_243' title='bbox 1160 4100 1222 4160; x_wconf 92' lang='lat' dir='ltr'>Cur</span> <span class='ocrx_word' id='word_1_244' title='bbox 1256 4103 1362 4162; x_wconf 93' lang='lat' dir='ltr'>subito</span> <span class='ocrx_word' id='word_1_245' title='bbox 1393 4101 1445 4160; x_wconf 92' lang='lat' dir='ltr'>hic</span> 
     </span>
     <span class='ocr_line' id='line_1_32' title="bbox 271 4213 1445 4287; baseline 0 -13"><span class='ocrx_word' id='word_1_246' title='bbox 271 4214 435 4274; x_wconf 90' lang='lat' dir='ltr'>Chremeti</span> <span class='ocrx_word' id='word_1_247' title='bbox 466 4213 549 4273; x_wconf 90' lang='lat' dir='ltr'>redit</span> <span class='ocrx_word' id='word_1_248' title='bbox 580 4214 733 4273; x_wconf 85' lang='lat' dir='ltr'>animus?</span> <span class='ocrx_word' id='word_1_249' title='bbox 764 4214 815 4271; x_wconf 91' lang='lat' dir='ltr'>An</span> <span class='ocrx_word' id='word_1_250' title='bbox 839 4229 881 4272; x_wconf 89' lang='lat' dir='ltr'>ex</span> <span class='ocrx_word' id='word_1_251' title='bbox 904 4229 966 4287; x_wconf 93' lang='lat' dir='ltr'>quo</span> <span class='ocrx_word' id='word_1_252' title='bbox 989 4213 1087 4273; x_wconf 90' lang='lat' dir='ltr'>Thais</span> <span class='ocrx_word' id='word_1_253' title='bbox 1112 4230 1186 4274; x_wconf 88' lang='lat' dir='ltr'>curn</span> <span class='ocrx_word' id='word_1_254' title='bbox 1210 4216 1314 4274; x_wconf 90' lang='lat' dir='ltr'>milite</span> <span class='ocrx_word' id='word_1_255' title='bbox 1338 4217 1445 4276; x_wconf 90' lang='lat' dir='ltr'>locuta</span> 
     </span>
     <span class='ocr_line' id='line_1_33' title="bbox 272 4327 1446 4403; baseline 0.002 -17"><span class='ocrx_word' id='word_1_256' title='bbox 272 4330 330 4403; x_wconf 90' lang='lat' dir='ltr'>est,</span> <span class='ocrx_word' id='word_1_257' title='bbox 356 4329 470 4387; x_wconf 90' lang='lat' dir='ltr'>statim</span> <span class='ocrx_word' id='word_1_258' title='bbox 494 4327 656 4387; x_wconf 87' lang='lat' dir='ltr'>intellexit</span> <span class='ocrx_word' id='word_1_259' title='bbox 678 4327 814 4385; x_wconf 89' lang='lat' dir='ltr'>minime</span> <span class='ocrx_word' id='word_1_260' title='bbox 838 4327 1050 4386; x_wconf 90' lang='lat' dir='ltr'>metuendum</span> <span class='ocrx_word' id='word_1_261' title='bbox 1074 4343 1145 4387; x_wconf 88' lang='lat' dir='ltr'>esse</span> <span class='ocrx_word' id='word_1_262' title='bbox 1169 4329 1309 4389; x_wconf 90' lang='lat' dir='ltr'>militem</span> <span class='ocrx_word' id='word_1_263' title='bbox 1330 4331 1446 4389; x_wconf 82' lang='lat' dir='ltr'>illum?</span> 
     </span>
     <span class='ocr_line' id='line_1_34' title="bbox 272 4440 1444 4516; baseline 0.001 -16"><span class='ocrx_word' id='word_1_264' title='bbox 272 4442 324 4500; x_wconf 81' lang='lat' dir='ltr'>Sic</span> <span class='ocrx_word' id='word_1_265' title='bbox 354 4442 420 4500; x_wconf 87' lang='lat' dir='ltr'>fere</span> <span class='ocrx_word' id='word_1_266' title='bbox 448 4457 518 4500; x_wconf 89' lang='lat' dir='ltr'>rem</span> <span class='ocrx_word' id='word_1_267' title='bbox 546 4440 706 4516; x_wconf 87' lang='lat' dir='ltr'>explicare</span> <span class='ocrx_word' id='word_1_268' title='bbox 734 4441 862 4500; x_wconf 87' lang='lat' dir='ltr'>videtur</span> <span class='ocrx_word' id='word_1_269' title='bbox 890 4441 1078 4515; x_wconf 80' lang='lat' dir='ltr'>Scholiasta,</span> <span class='ocrx_word' id='word_1_270' title='bbox 1108 4443 1199 4502; x_wconf 89' lang='lat' dir='ltr'>cuius</span> <span class='ocrx_word' id='word_1_271' title='bbox 1226 4444 1325 4503; x_wconf 86' lang='lat' dir='ltr'>verba</span> <span class='ocrx_word' id='word_1_272' title='bbox 1352 4447 1444 4503; x_wconf 87' lang='lat' dir='ltr'>sunt:</span> 
     </span>
    </p>
   </div>
   <div class='ocr_carea' id='block_1_5' title="bbox 0 0 1641 5268">
    <p class='ocr_par' dir='ltr' id='par_1_10' title="bbox 0 0 1641 5268">
     <span class='ocr_line' id='line_1_35' title="bbox 0 0 1641 5268; baseline 0 0"><span class='ocrx_word' id='word_1_273' title='bbox 0 0 1641 5268; x_wconf 95' lang='lat' dir='ltr'> </span> 
     </span>
    </p>
   </div>
  </div>
 </body>
</html>
