3254 5274
765 653 805 716 29

197 846 250 905 hic
280 846 410 905 deloco
433 846 467 904 in
490 860 553 918 quo
576 860 661 905 nunc
683 859 854 904 versamur
876 844 1074 903 sententiam
1097 859 1207 905 meam
1230 861 1366 920 pronun-

197 960 298 1018 tiasse
322 959 403 1019 satis
426 959 538 1018 habeo.

244 1072 313 1146 ,Ad
347 1072 503 1131 Thaidem
538 1072 674 1130 deducta
708 1071 778 1130 est’'
811 1071 969 1130 Parmeno
1000 1074 1110 1131 narrat
1143 1073 1254 1148 ,eique
1286 1073 1367 1132 dono

198 1186 273 1244 data
296 1201 315 1244 1
337 1185 450 1260 milite,
475 1186 585 1244 fratris
605 1185 654 1244 tui
673 1185 783 1244 rivale.
805 1185 849 1244 At
867 1185 968 1244 frater
987 1175 1064 1244 tuus
1080 1186 1125 1244 nil
1138 1187 1252 1246 habuit
1267 1188 1368 1246 miser

198 1300 280 1372 quod
311 1298 425 1358 Thaidi
455 1299 545 1358 daret
576 1314 673 1372 quam
704 1298 905 1374 Eunuchum,
938 1269 993 1372 qui
1019 1299 1101 1358 mihi
1124 1300 1191 1359 iam
1214 1301 1254 1359 ad
1277 1301 1368 1359 illam

197 1415 248 1471 est
268 1413 503 1472 deducendus'’
523 1412 586 1471 Hic
604 1412 750 1471 Eunuchi
762 1412 848 1472 illius
861 1412 1200 1486 praedicatiortunam
1216 1412 1367 1473 Chaerea.

196 1526 326 1585 Etenim
352 1527 523 1602 „summa”
549 1527 705 1601 (111111.
731 1527 795 1586 366
821 1531 918 1599 sqq.):

374 1615 375 1618 Ἴ
652 1639 757 1698 forma
780 1655 909 1714 semper
933 1655 1123 1700 conservam
1148 1642 1235 1700 domi

241 1753 378 1828 Videbit,
404 1752 610 1827 colloquetur,
636 1753 738 1811 aderit
761 1768 826 1812 una
849 1753 882 1811 in
906 1755 979 1812 unis
1003 1755 1144 1814 aedibus.

242 1867 357 1927 Cibum
369 1883 433 1926 non
446 1882 625 1941 numquam
638 1867 742 1940 capiet
755 1882 830 1926 cum
843 1883 889 1943 ea,
903 1869 1067 1928 interdum
1078 1872 1208 1943 propter
1220 1871 1367 1932 dormiet.

197 1981 347 2041 Ludibrio
375 1996 450 2039 eum
473 1995 588 2039 servus
611 1980 708 2040 habet
732 1983 765 2040 et
791 1981 866 2055 ,vin
888 1983 921 2040 te
944 1981 1031 2041 illius
1055 1982 1201 2042 Eunuchi
1223 1985 1369 2045 vestibus

197 2095 347 2154 indutum
379 2095 418 2153 ad
449 2093 605 2154 Thaidem
633 2094 789 2153 deducam
797 2095 833 2153 ?''
858 2097 959 2170 rogat,
984 2096 1071 2154 haud
1093 2099 1247 2171 reputans
1271 2114 1368 2172 quam

198 2209 417 2282 imprudenter
439 2209 539 2268 faciat
557 2208 640 2282 quod
660 2208 936 2269 adolescentulum
955 2212 1025 2269 tam
1044 2209 1251 2288 θερμόβουλον
1271 2227 1369 2284 quam

198 2322 250 2380 hic
281 2324 332 2381 est
362 2322 571 2381 audacissimi
600 2322 678 2381 facti
710 2323 892 2382 admoneat.
926 2323 1045 2382 Statim
1076 2325 1163 2382 enim
1186 2325 1264 2384 illud
1287 2327 1368 2384 tam-

198 2451 294 2508 quam
323 2437 406 2495 11111
431 2436 544 2494 datum
567 2435 738 2495 consilium
762 2436 874 2509 arripit
897 2434 1048 2496 Chaerea.
1073 2436 1192 2497 Audire
1215 2439 1282 2497 iam
1305 2454 1369 2498 non

197 2549 268 2607 vult
302 2563 434 2608 servum
469 2548 687 2608 affirmantem
721 2564 756 2607 11
790 2549 859 2608 1111
893 2547 972 2608 illud
1003 2550 1134 2625 dixisse,
1168 2552 1253 2625 cogit
1283 2567 1367 2627 eum,

198 2661 307 2735 trudit,
329 2661 475 2736 impellit,
496 2663 529 2720 vi
549 2677 661 2720 secum
680 2662 714 2720 in
733 2662 834 2735 patris
855 2663 905 2720 sui
924 2662 1097 2736 fratrisque
1114 2664 1209 2722 aedes
1222 2665 1366 2741 attrahit,

198 2775 281 2833 unde
312 2775 457 2833 Eunuchi
488 2775 628 2848 sumptis
659 2774 805 2833 vestibus
838 2789 935 2846 quam
966 2776 1109 2848 primum
1135 2792 1192 2849 pro
1215 2777 1369 2837 Eunucho

199 2890 238 2948 ad
268 2889 425 2948 Thaidem
456 2888 640 2948 deducatur.
665 2889 866 2962 Rogantique
890 2903 984 2948 servo
1009 2893 1067 2958 (vs.
1094 2891 1167 2959 389)
1195 2891 1368 2966 „iubesne”

199 3003 385 3076 respondet:
410 3018 507 3077 ,cogo
527 3005 623 3075 atque
636 3003 775 3077 impero;
789 3017 956 3075 nunquam
969 3003 1095 3077 defugio
1108 3006 1368 3066 auctoritatem.”

200 3115 265 3189 Quo
289 3116 399 3175 audito
422 3131 536 3175 servus
562 3131 731 3191 ,sequeret
756 3117 789 3174 di
811 3118 942 3176 vortant
964 3117 1077 3176 bene.''
1102 3118 1184 3177 Tum
1209 3119 1368 3179 111111111-

199 3230 336 3288 troeunt.
369 3229 431 3287 Hio
461 3231 534 3303 apte
566 3230 773 3303 appositeque
797 3231 986 3292 annotatur:
1015 3230 1205 3304 ,Evidenter
1229 3235 1370 3292 ostendit

199 3343 270 3415 plus
301 3358 373 3401 esse
400 3343 609 3416 imperare
633 3358 732 3416 quam
755 3343 895 3402 iubere.''
920 3343 1004 3403 Nam
1027 3345 1186 3418 impero
1210 3347 1264 3405 ubi
1288 3346 1371 3407 dixit

201 3455 349 3532 Chaerea,
371 3458 443 3515 tum
463 3457 596 3514 demum
616 3453 776 3530 significat
796 3471 831 3515 se
851 3471 1017 3529 nunquam
1037 3458 1165 3532 culpam
1185 3459 1218 3518 in
1238 3475 1370 3520 servum

201 3584 270 3628 esse
300 3570 507 3629 reiecturum.
531 3569 618 3632 Alibi
640 3569 798 3628 eiusmodi
822 3569 860 3628 de
884 3570 1121 3644 imperandi
1144 3573 1242 3632 verbo
1266 3575 1369 3634 obser-

94 3669 95 3674 ’
200 3684 364 3742 vationem
394 3683 504 3742 minus
534 3685 621 3742 recte
652 3683 812 3742 adiectam
842 3683 993 3744 vidimus.
1025 3685 1131 3758 Atque
1159 3702 1200 3745 ex
1223 3704 1287 3747 uno
1310 3689 1371 3748 hoc

201 3796 348 3870 exemplo
390 3798 523 3870 apparet
564 3812 661 3869 quam
699 3811 814 3870 parum
849 3795 995 3857 fidelibus
1029 3800 1215 3859 custodibus
1248 3803 1371 3862 vetusti

202 3909 398 3969 Scholiastae
422 3910 581 3984 sapientia
604 3911 780 3969 commissa
803 3910 909 3970 fuerit.

244 4022 305 4082 Sed
336 4005 461 4082 restant
488 4023 646 4095 quaedam
669 4024 703 4081 in
726 4023 990 4096 praecedentibus
1014 4025 1052 4084 de
1076 4027 1190 4098 quibus
1214 4029 1369 4086 annotare

201 4151 300 4208 pauca
322 4137 420 4196 lubet.

244 4266 291 4310 vs.
313 4251 387 4309 389.
409 4250 527 4309 Audito
547 4249 678 4309 Thaidis
691 4251 821 4310 nomine
835 4250 992 4311 Chaerea:
1009 4253 1090 4327 ,Sed
1102 4253 1201 4312 istam
1213 4253 1369 4314 Thaidem

202 4375 264 4422 uon
294 4364 375 4422 scivi
406 4364 497 4422 nobis
528 4364 702 4425 vicinam.”
731 4364 914 4438 Respondet
937 4366 1094 4425 Parmeno
1121 4366 1225 4441 ,haud
1250 4367 1367 4427 diust.’'

203 4474 305 4536 Perite
336 4478 516 4537 Scholiasta
547 4480 697 4538 annotat:
722 4477 895 4558 »οἰκονομία
918 4482 1029 4540 contra
1052 4481 1139 4540 istud
1162 4480 1245 4555 quod
1268 4498 1367 4542 mere·
