3234 5254
726 672 786 730 181

214 862 263 919 12.
296 861 375 934 Ego
408 860 543 919 dicam
567 858 666 930 tibi]
695 857 815 933 ,senile
840 859 898 934 est,
924 874 1001 918 nam
1025 857 1056 919 id
1080 860 1146 920 iam
1170 860 1340 921 dicendum

167 974 235 1048 luit,
262 976 294 1033 11
318 974 378 1033 hoc
401 970 529 1050 ἔμφασιν
552 972 650 1032 habet
674 972 749 1030 vilis
772 971 828 1047 rei,
854 988 934 1045 quae
959 973 1011 1032 vel
1033 974 1126 1034 facile
1146 974 1208 1034 dici
1227 975 1339 1050 possit,

166 1089 217 1147 vel
251 1104 316 1148 non
352 1088 483 1148 celanda
510 1087 585 1146 sit.''
612 1086 663 1144 Sic
687 1086 872 1160 accipienda
894 1087 974 1145 haec
998 1087 1125 1161 opinor:
1153 1088 1341 1164 „exordium

167 1216 238 1274 ego
259 1199 394 1260 dicam
413 1201 493 1261 tibi
513 1199 718 1274 loquacitatis
739 1201 850 1260 senilis
870 1203 929 1276 est,
951 1200 1133 1275 indicatque
1153 1201 1185 1261 id
1197 1203 1280 1275 quod
1293 1217 1338 1261 se·

166 1315 274 1386 quitur
293 1331 357 1375 non
378 1331 449 1375 esse
465 1315 575 1388 magni
588 1315 755 1388 momenti,
770 1329 872 1387 neque
882 1313 1056 1388 quidquam
1070 1316 1179 1375 arcani
1191 1316 1339 1376 habere.'’

213 1429 251 1487 18
275 1444 322 1501 sq.
648 1426 753 1487 Aeach.
778 1426 879 1487 Periit
905 1427 958 1488 Mi.
984 1427 1064 1503 Quid
1088 1430 1162 1488 est?

345 1542 451 1606 Acach.
473 1541 570 1616 Nihil,
596 1542 691 1616 recte,
717 1556 822 1616 perge.

210 1655 341 1731 Nihil,
367 1658 501 1726 recte]
527 1656 576 1730 ,id
597 1658 655 1731 est,
677 1657 764 1714 recte
784 1655 867 1729 quod
887 1655 976 1729 perii.
997 1655 1037 1715 Et
1048 1656 1122 1715 vide
1134 1655 1340 1730 trisyllabum

167 1768 338 1830 artificiose
363 1785 435 1828 esse
458 1769 649 1843 subiectum,
675 1770 712 1828 ut
734 1769 789 1842 qui
812 1767 920 1842 perii
945 1768 1036 1843 dixit,
1056 1769 1114 1827 vix
1133 1770 1194 1829 hoc
1213 1770 1340 1830 locutus

166 1883 266 1943 fuisse
291 1883 469 1942 videatur.”
494 1882 628 1956 Egregie
651 1881 844 1955 Wielingius
867 1881 1101 1956 trisyllabo
1121 1898 1177 1957 pro
1197 1882 1340 1956 trisyl-

166 1997 315 2056 labum.
347 1996 494 2056 Primum
519 1996 606 2056 enim
630 1995 797 2069 trisyllabo
817 1995 927 2069 perii
950 1995 1133 2055 Aeschinus
1158 2010 1236 2055 usus
1260 1997 1338 2070 erat,

167 2126 251 2170 nunc
276 2125 389 2170 vocem
412 2109 617 2183 trisyllabam
640 2109 734 2168 edere
757 2109 823 2167 iam
847 2123 911 2167 non
933 2109 1049 2182 potest.

212 2225 263 2284 26.
296 2225 438 2284 Nonne
470 2225 572 2283 haec
596 2224 711 2282 iusta
733 2223 815 2283 tibi
838 2223 1039 2282 videntur
1061 2226 1228 2299 postea]
1257 2225 1340 2299 „Sci-

168 2339 243 2396 licet
266 2337 322 2396 illa
346 2352 427 2410 quae
452 2337 576 2396 amicus
601 2338 677 2395 tuus
701 2336 829 2395 dixerat
852 2337 940 2410 prius
964 2351 1062 2409 quam
1082 2337 1162 2396 haec
1181 2337 1340 2397 audires.’'

167 2451 319 2510 Deleatur
354 2466 467 2523 quae.
504 2450 585 2510 Tota
621 2449 786 2510 annotatio
817 2465 1004 2524 perversam
1029 2450 1172 2510 continet
1195 2452 1342 2511 vocabuli

166 2566 317 2638 postea
348 2564 607 2638 explicationem.
632 2563 762 2624 Etenim
784 2565 934 2638 postea
953 2563 1014 2639 hic,
1036 2565 1072 2622 ut
1092 2579 1188 2639 saepe
1208 2564 1340 2640 hodie,

167 2678 404 2738 stomachantis
428 2680 478 2738 est
502 2681 534 2738 et
559 2693 632 2737 cum
657 2678 797 2751 quadam
820 2677 995 2737 acerbitate
1019 2676 1189 2750 loquentis.

212 2793 264 2851 32.
301 2791 473 2867 Quicum
508 2792 585 2851 illa
621 2791 865 2861 consuevit]
905 2789 1041 2865 ,legitur
1076 2793 1109 2850 et
1139 2789 1276 2868 illam,
1309 2794 1342 2850 11

167 2906 316 2966 dicebant
347 2907 474 2966 veteres
499 2907 604 2966 hanc
627 2921 712 2965 rem
736 2904 995 2965 consuevit.''
1020 2906 1120 2979 Lege:
1148 2905 1285 2980 ,legitur
1309 2908 1341 2966 et

168 3019 238 3092 qui
262 3018 414 3078 illam.’'

212 3133 264 3191 51.
380 3133 417 3192 In
441 3149 503 3206 qua
528 3132 660 3193 civitate
684 3133 816 3192 tandem
840 3134 872 3192 te
897 3132 1052 3192 arbitrare
1075 3133 1208 3193 vivere?

167 3247 273 3306 Verba
307 3247 387 3306 haec
421 3249 498 3306 sunt
532 3247 686 3322 Minionis,
723 3247 811 3306 senis
845 3247 1005 3306 lenissimi
1040 3247 1079 3305 ad
1110 3245 1214 3306 fllium
1249 3247 1341 3321 adop-

169 3359 283 3420 tivum.
309 3361 399 3420 Sch:
425 3361 465 3419 11
488 3376 566 3434 qua
590 3360 790 3430 civitate]
819 3359 911 3434 „vide
936 3375 1049 3419 omnes
1069 3361 1249 3420 sententias
1268 3361 1342 3435 poni

169 3474 387 3534 accusatorias
415 3476 448 3534 et
470 3474 551 3534 nihil
574 3474 704 3534 amoris
730 3472 790 3532 Isti
813 3474 890 3532 sunt
913 3472 1096 3533 orationum
1121 3474 1242 3534 colores
1266 3475 1341 3534 diffl-

169 3587 297 3648 cillimi:
322 3589 378 3647 sed
403 3587 580 3648 elaboravit
604 3587 773 3647 Terentius
796 3587 966 3648 Micionem
990 3587 1095 3647 facere
1118 3587 1234 3648 leniter
1254 3604 1342 3650 accu-

167 3704 297 3761 santem
329 3704 361 3761 et
385 3702 534 3761 inducere
557 3701 713 3761 Demeam
738 3701 910 3761 durissime
933 3700 1185 3761 blandientem.”
1210 3701 1343 3776 Egregie

168 3815 362 3888 Wielingius
385 3831 441 3890 pro
465 3815 574 3874 nihil
602 3816 759 3874 amoris
782 3815 925 3889 reposuit
948 3814 1069 3874 nimii
1094 3815 1260 3891 amoriS,
1286 3817 1342 3874 sed

168 3931 335 4004 praeterea
376 3944 433 4003 pro
476 3928 740 3988 difficillimi
776 3928 902 4000 requiro
938 3927 1243 4002 dissimillimi,
1281 3945 1343 4002 qua

168 4058 247 4102 voce
283 4058 363 4117 opus
398 4043 450 4102 hic
485 4058 556 4103 esse
594 4043 642 4102 vel
677 4058 742 4102 una
775 4042 933 4118 particula
963 4043 1043 4117 sed,
1076 4058 1157 4115 quae
1187 4042 1341 4115 sequitur,

169 4157 389 4215 demonstrat:
417 4159 514 4231 ,sunt
537 4156 703 4229 quidem
727 4155 849 4216 colores
873 4154 1070 4214 accusatoris
1090 4157 1123 4214 et
1141 4155 1223 4214 lenis
1242 4154 1344 4228 patris

169 4268 390 4345 dissimillimi,
423 4270 480 4329 sed
511 4271 572 4330 hoc
602 4271 709 4344 ipsum
737 4269 840 4330 voluit
862 4269 1040 4329 Terentius
1066 4268 1344 4343 Quemadmodum

171 4383 258 4442 enim
289 4383 447 4442 Demeam
477 4399 556 4443 mox
587 4383 752 4442 duriter
778 4382 1069 4442 blandientem
1092 4382 1197 4452 faciet,
1222 4381 1269 4439 sic
1292 4381 1343 4438 hic

172 4495 343 4556 Micionem
378 4496 500 4556 inducit
534 4497 692 4556 leniter
725 4497 1029 4556 accusantem.'’
1062 4495 1150 4569 Quod
1180 4496 1214 4553 in
1245 4494 1345 4554 altero
