3230 5260
817 638 878 695 120
934 725 939 740 ι

259 837 295 880 66
325 838 365 881 66
398 822 538 897 cogitare
569 823 699 896 quidem
723 825 793 882 1616
816 821 953 882 11161161
978 824 1120 883 declarat
1142 827 1179 884 ut
1201 824 1283 883 nihil
1306 823 1376 882 iam
1401 823 1440 881 de

260 951 297 994 eo
316 936 512 1010 sperandum
531 937 688 996 videatur.
710 936 831 995 Verum
851 952 916 996 non
935 936 982 996 ita
1001 952 1054 996 res
1074 953 1109 996 se
1129 937 1235 996 habet.
1258 937 1328 996 Sint
1350 937 1440 996 enim

260 1052 409 1123 corrupta
452 1049 583 1125 scholia,
628 1051 694 1109 sint
728 1050 834 1109 lacera
867 1050 1057 1126 mutilaque,
1093 1052 1151 1110 vix
1185 1053 1297 1110 tamen
1332 1050 1439 1110 ullum

259 1177 371 1221 eorum
407 1163 485 1224 adeo
521 1163 734 1237 depravatum
766 1166 816 1222 est
847 1164 923 1237 quin
955 1165 1067 1223 tamen
1098 1165 1261 1224 sententia
1291 1165 1363 1224 eius
1396 1165 1440 1224 sit

258 1277 340 1336 satis
374 1277 551 1351 perspicua,
584 1276 813 1350 scriptorisque
845 1292 885 1335 ex
917 1292 954 1335 eo
987 1277 1112 1337 eluceat
1144 1279 1325 1338 consilium.
1360 1279 1439 1337 Mihi

259 1393 345 1450 certe
368 1391 479 1450 sedulo
503 1389 611 1449 labore
631 1390 751 1449 iterum
769 1391 952 1464 iterumque
973 1391 1029 1450 illa
1048 1391 1250 1465 pervolventi
1270 1408 1439 1465 nunquam

259 1504 392 1563 dubium
423 1503 485 1563 fuit
514 1506 626 1563 utrum
656 1504 819 1563 scenicam
849 1503 991 1578 legerem
1023 1506 1267 1565 annotationem
1299 1521 1340 1564 an
1369 1506 1437 1564 rhe-

257 1616 403 1692 toricam,
436 1617 696 1691 grammaticam,
721 1616 996 1691 philosophicam:
1021 1619 1224 1678 scenicarum
1249 1620 1362 1678 autem
1387 1619 1438 1678 ob-

258 1731 481 1792 servationum
521 1764 561 1773 -
600 1731 652 1789 his
690 1731 778 1790 enim
809 1732 1001 1805 praesertim
1033 1747 1165 1806 operam
1196 1732 1269 1792 dedi
1298 1767 1338 1774 -
1372 1733 1439 1792 1616

258 1846 382 1907 66116111
405 1846 472 1905 vidi
495 1845 654 1905 eiusmodi
676 1846 756 1905 vitio
779 1845 982 1905 laborantem
1005 1848 1042 1905 ut
1065 1846 1140 1918 quid
1164 1846 1225 1904 sibi
1248 1846 1348 1906 vellet
1371 1847 1439 1910 iam

258 1975 322 2019 non
342 1959 566 2033 intelligerem.
588 1959 669 2033 Quid
689 1959 772 2032 6661
789 1959 987 2018 scholiorum
1006 1975 1173 2032 nunquam
1185 1959 1372 2034 praeclarus
1385 1959 1439 2018 ille

260 2075 398 2134 exsistet
432 2074 543 2147 editor,
580 2074 634 2147 qui
668 2075 774 2149 ipsam
809 2073 901 2133 nobis
934 2075 1074 2133 auctoris
1105 2090 1241 2133 manum
1273 2073 1437 2133 exhibeat.

259 2184 358 2261 Finge
390 2188 478 2246 enim
506 2221 546 2230 -
579 2188 729 2260 quamvis
760 2187 944 2247 incredibile
975 2188 1083 2247 sit-
1109 2188 1242 2248 taudem
1265 2187 1439 2260 aliquando

259 2317 297 2360 eo
320 2303 513 2375 perventum
536 2303 573 2360 ut
597 2317 638 2363 ex
662 2301 912 2375 diligentissima
936 2301 1082 2361 codicum
1107 2302 1348 2375 comparatione
1370 2301 1438 2374 ipse

260 2414 454 2488 archetypus
485 2414 529 2473 sit
559 2414 740 2490 restitutus,
773 2413 857 2488 finge
889 2409 1436 2489 6111116661616611611161611116,

260 2543 342 2601 quae
366 2528 537 2588 scribentis
560 2529 724 2602 imperitia
747 2529 957 2604 commiserit,
979 2529 1073 2601 idque
1094 2529 1277 2588 certissima
1297 2528 1438 2601 quadam
1515 2554 1519 2564 ι

259 2645 290 2704 61
325 2643 522 2718 geometrica
552 2643 693 2702 ratione:
725 2642 900 2716 pristinum
931 2642 1122 2702 habebimus
1153 2642 1435 2715 commentarium,

258 2759 366 2833 ipsum
396 2759 560 2818 Donatum
592 2791 632 2799 -
665 2757 712 2816 sic
737 2758 824 2816 enim
847 2758 1017 2817 brevitatis
1042 2773 1140 2817 causa
1162 2756 1245 2816 mihi
1267 2757 1437 2817 nominare

260 2872 458 2946 optimorum
489 2870 686 2930 scholiorum
718 2874 884 2931 auctorem
907 2871 1004 2930 liceat
1018 2905 1057 2914 —
1070 2887 1136 2930 non
1158 2870 1361 2932 habebimus.
1386 2871 1437 2930 An

259 2986 362 3045 credis
389 2985 482 3044 illum
514 2985 622 3044 virum
645 3000 722 3045 vere
746 2985 886 3059 doctum,
912 2985 1104 3060 elegantem,
1130 2985 1210 3044 artis
1233 2985 1381 3045 scenicae
1405 2987 1437 3045 et

258 3101 426 3159 literarum
458 3100 647 3159 Latinarum
679 3099 938 3173 Graecarumque
968 3100 1214 3177 peritissimum,
1246 3102 1317 3160 tam
1343 3101 1437 3161 balbo

260 3230 314 3274 ore
333 3215 488 3290 locutum,
509 3215 579 3273 tam
600 3215 721 3288 agresti
740 3230 838 3274 usum
858 3230 1017 3290 sermone,
1038 3215 1076 3274 ut
1092 3215 1218 3288 666616
1231 3213 1435 3289 indicativus

259 3307 631 3400 6116616666111661111116
651 3329 817 3402 ponendus
838 3330 925 3388 66661
944 3344 1048 3401 66666
1060 3328 1158 3387 661161
1169 3343 1273 3400 666116
1287 3329 1437 3387 curaret?

258 3440 298 3499 nt
318 3443 369 3500 est
388 3441 449 3500 hoc
469 3441 665 3501 scholiorum
685 3442 803 3501 vitium
823 3442 1003 3501 multorum
1019 3441 1131 3500 instar.
1146 3439 1350 3500 confidenter
1363 3457 1436 3516 ergo

259 3556 298 3613 de
321 3555 518 3614 scholiorum
538 3555 637 3614 variis
658 3555 859 3628 argumentis
880 3555 1007 3614 locutus
1027 3570 1102 3613 sum
1123 3556 1156 3613 et
1168 3555 1280 3627 loquar
1291 3556 1435 3629 posthac.

258 3669 325 3728 Aut
349 3669 437 3738 enim
460 3683 589 3743 semper
613 3669 651 3728 de
675 3668 739 3728 illis
764 3669 825 3729 erit
849 3669 1010 3728 silendum
1034 3670 1091 3728 aut
1114 3668 1181 3727 iam
1204 3669 1363 3727 utendum
1386 3669 1435 3742 116,

258 3797 339 3856 6666
363 3798 448 3841 6666
472 3782 640 3858 habemus
666 3783 818 3842 subsidiis
838 3782 1138 3855 instrumentisque.
1159 3782 1243 3841 Nam
1263 3782 1437 3842 desultorio

256 3896 366 3966 labore
385 3896 560 3956 conflatam
579 3896 797 3956 Westerhovii
818 3897 992 3956 editionem
1014 3895 1167 3971 aliasque,
1189 3911 1207 3955 e
1227 3895 1343 3968 quibus
1355 3896 1456 3976 mihi

257 4011 477 4084 cognoscenda
512 4010 643 4070 fuerunt
677 4010 808 4086 scholia,
845 4010 992 4069 lubenter
1024 4010 1178 4082 concedo;
1211 4010 1295 4082 quod
1325 4011 1437 4069 tamen

256 4123 341 4182 inter
364 4123 424 4182 has
448 4123 585 4183 interest
607 4124 750 4198 spatium
770 4126 867 4197 atque
887 4123 1062 4182 editionem
1083 4122 1233 4182 omnibus
1254 4123 1436 4182 absolutam

256 4237 402 4298 numeris
415 4272 455 4281 -
471 4240 601 4298 exstare
622 4239 709 4298 enim
729 4239 762 4298 iu
782 4241 913 4312 tempus
927 4253 1098 4296 sumamus
1112 4271 1152 4278 —
1166 4236 1280 4296 multis
1292 4236 1436 4310 partibus

258 4353 389 4420 brevius
413 4356 464 4414 est
488 4368 586 4426 quam
609 4353 692 4426 quod
716 4353 800 4412 hano
824 4352 863 4411 ab
889 4352 958 4425 ipso
987 4349 1111 4410 dirimit
1133 4349 1268 4410 Donato.

304 4467 365 4532 Sed
388 4482 452 4531 non
475 4481 588 4531 vereor
607 4481 648 4530 ne
668 4466 702 4528 16
721 4466 782 4530 hac
802 4481 899 4530 causa
920 4465 1041 4528 multos
1062 4464 1200 4527 habeam
1220 4461 1432 4526 adversarios.
