3254 5274
792 620 846 682 '14

237 809 317 884 Quid
351 809 480 869 intersit
513 808 598 868 inter
632 810 723 870 sola
757 825 846 870 sum
881 812 914 870 et
944 811 1075 870 habeo
1106 811 1315 870 neminem
1342 826 1407 870 non

235 926 343 998 potest
383 924 501 984 melius
541 925 647 985 doceri
681 939 779 998 quarn
814 925 866 983 his
901 924 1100 985 scholiastae
1135 924 1259 984 verbis:
1298 925 1409 999 „sola

235 1053 324 1097 sum
348 1038 387 1097 ab
412 1039 452 1097 iis
475 1053 557 1111 quos
578 1039 696 1098 natura
719 1037 869 1098 conciliat
891 1053 948 1112 per
971 1053 1015 1114 se,
1041 1038 1171 1098 habeo
1199 1039 1409 1099 neminem

235 1165 347 1210 eorum
370 1153 425 1225 qui
448 1151 615 1212 voluntate
639 1151 847 1226 iunguntur''.
1077 1131 1082 1142 ⁹

280 1265 341 1324 Pro
372 1265 552 1324 amicum
578 1264 744 1338 Bentlejus
768 1265 941 1338 legendum
966 1267 1118 1326 censebat
1141 1267 1301 1342 notum,
1327 1283 1408 1340 quae

236 1377 480 1453 elegantissima
510 1380 562 1438 est
591 1378 687 1438 lectio
718 1378 819 1437 etiam
849 1380 979 1453 propter
1010 1379 1081 1438 soni
1104 1378 1353 1439 similitudinem
1376 1381 1409 1439 in

235 1495 432 1554 notum...
473 1495 706 1567 cognatum.
748 1493 929 1553 Scholiasta
962 1495 1073 1553 tamen
1109 1494 1288 1554 amicum
1320 1495 1406 1571 legit,

235 1607 319 1679 quod
343 1609 476 1681 apparet
499 1623 540 1667 ex
563 1606 634 1668 eius
657 1607 882 1667 annotatione:
910 1608 1011 1683 „bene
1033 1608 1094 1668 hoc
1114 1608 1196 1682 apud
1217 1611 1406 1685 amatorem,

236 1720 311 1792 quia
342 1722 393 1780 est
424 1720 510 1781 aliud
541 1723 721 1797 amator,
746 1721 833 1781 aliud
857 1722 1051 1782 amicus”.
1076 1722 1110 1781 Si
1133 1738 1210 1782 vero
1233 1722 1290 1782 illa
1313 1738 1407 1782 anno-
1508 1797 1515 1810 ι

235 1834 316 1893 tatio
340 1834 380 1894 ad
402 1850 518 1894 versus
542 1836 708 1908 sequentis
730 1851 845 1895 vocem
869 1836 1028 1895 amicos
1047 1836 1196 1911 pertinet,
1218 1813 1408 1909 quantocius

235 1949 452 2022 recipiendam
484 1963 598 2008 censeo
629 1949 767 2022 Bentleii
798 1950 1029 2009 coniecturam.
1060 1950 1146 2009 Satis
1177 1951 1265 2010 enim
1287 1949 1408 2024 puerile

236 2062 296 2121 hoo
318 2061 463 2121 videtur:
492 2078 575 2138 „non
598 2063 700 2123 habeo
723 2062 921 2124 amicum...
947 2064 1038 2138 cupio
1063 2065 1185 2124 amicos
1205 2065 1348 2138 parere.'’
1365 2055 1386 2132 ¹)

280 2175 449 2235 Postremo
472 2175 588 2236 blande
612 2176 710 2236 Thais
734 2193 753 2236 a
775 2176 933 2237 Phaedria
956 2177 1038 2251 petit
1059 2179 1097 2237 ut
1120 2193 1184 2237 non
1207 2177 1314 2238 solum
1338 2193 1407 2237 oon·

236 2289 347 2348 silium
367 2305 464 2348 suum
482 2289 603 2364 probet,
625 2291 682 2349 sed
702 2290 802 2350 etiam
815 2291 876 2350 sibi
889 2291 922 2350 in
934 2306 971 2350 eo
984 2292 1189 2363 exsequendo
1201 2289 1285 2351 ferat
1297 2306 1407 2364 opem:

280 2418 329 2462 vs
357 2404 422 2463 150⁷
443 2419 511 2477 sqq.

437 2530 473 2590 Id
497 2532 612 2591 amabo
637 2530 747 2590 adiuta
769 2547 823 2591 me
847 2547 909 2605 quo
933 2532 965 2591 id
988 2530 1046 2591 1111
1068 2530 1205 2593 facilius.

438 2644 512 2704 Sine
536 2644 629 2704 illum
652 2644 774 2718 priores
797 2646 906 2719 partes
930 2645 1027 2704 hosce
1051 2644 1173 2718 aliquot
1196 2645 1265 2704 dies

436 2757 530 2832 Apud
552 2774 607 2817 me
629 2758 756 2817 habere.

237 2900 309 2959 iure
332 2898 429 2958 huius
448 2898 510 2958 loci
529 2899 738 2957 venustatem
757 2897 809 2955 his
828 2896 936 2956 verbis
955 2896 1066 2956 laudat
1086 2897 1282 2958 Scholiasta:
1306 2897 1409 2973 „mira

237 3013 375 3073 coactio:
411 3027 468 3087 pro
503 3014 613 3087 patere
645 3012 773 3071 excludi
804 3010 951 3070 adiuta
980 3027 1042 3071 me
1073 3011 1176 3071 dixit’'
1209 3014 1241 3070 et
1274 3011 1409 3088 „blande

236 3127 328 3185 sine
359 3125 497 3201 illum,
530 3128 700 3198 tamquam
727 3125 760 3183 in
783 3140 884 3184 manu
908 3125 977 3183 eius
1001 3125 1045 3183 sit
1067 3125 1220 3185 iniuriam
1243 3140 1307 3184 non
1330 3125 1407 3200 pau,

157 3319 164 3325 .
237 3242 269 3298 et
293 3239 420 3299 excludi
442 3239 614 3299 militem.“

280 3369 329 3413 vs.
357 3354 418 3412 152
465 3353 651 3427 Respondet
673 3352 847 3412 Phaedria:

906 3466 1074 3541 Pessuma,

392 3579 481 3654 Egon
505 3578 677 3652 quicquam
701 3594 775 3638 cum
799 3579 871 3638 istis
894 3579 990 3638 factis
1013 3579 1072 3638 tibi
1095 3578 1331 3652 respondeam?

236 3705 443 3780 gaudensque
465 3704 625 3765 Parmeno
650 3703 829 3765 exclamat:

392 3831 448 3907 Eu,
473 3833 593 3906 noster,
618 3830 730 3904 laudo;
755 3830 887 3890 tandem
910 3831 1086 3906 perdoluit:
1110 3830 1161 3890 vir
1184 3846 1229 3890 es.

235 3956 323 4018 Nihil
354 3973 428 4032 ergo
459 3973 572 4018 eorum
603 3973 684 4031 quae
708 3957 806 4017 Thais
830 3958 957 4017 dixerat
979 3972 1015 4016 se
1039 3958 1166 4016 credere
1189 3958 1323 4029 uterque
1347 3954 1407 4027 sig-

236 4071 355 4132 nificat.
380 4071 440 4130 illa
464 4072 551 4130 enim
575 4071 614 4130 de
634 4071 833 4131 admittendo
853 4071 957 4130 milite
977 4072 1133 4144 tanquam
1153 4070 1191 4128 de
1212 4069 1317 4142 aliquo
1338 4067 1408 4127 dolo

265 4333 282 4387 ¹)
297 4330 457 4376 coniecturas
471 4328 634 4384 Bentledanas
648 4329 689 4375 vol
703 4329 879 4374 firmissimum
893 4291 1047 4382 praesidium
1061 4328 1102 4372 est
1114 4327 1141 4370 in
1155 4326 1255 4373 Phorm.
1269 4335 1307 4370 vs.
1319 4325 1357 4370 98:

462 4409 546 4463 Neque
560 4410 636 4455 notus
650 4419 731 4462 nequo
745 4409 867 4463 cognatus
881 4408 954 4453 extra
969 4417 1045 4451 unam
1061 4407 1186 4451 aniculam

464 4489 600 4548 Quisquam
617 4489 710 4534 aderat.
