3234 5254
746 670 809 730 236

188 857 304 914 nactus
336 859 386 915 est
416 873 490 915 eam
520 872 618 931 quam
650 858 801 933 cupierat,
835 858 946 916 omnia
967 872 1032 917 non
1051 860 1138 916 recte
1162 855 1268 916 solum
1292 870 1360 928 pro-

190 970 307 1028 cedunt
329 971 385 1029 sed
409 971 641 1030 iucundissime
665 971 764 1031 etiarn
788 971 1059 1046 lepidissimeque.

235 1076 323 1156 Quod
347 1085 457 1142 autem
482 1084 663 1144 Scholiasta
685 1084 763 1144 dicit
785 1084 929 1143 fabulam
953 1100 972 1143 a
995 1099 1059 1158 qua
1078 1082 1237 1143 Charinus
1256 1083 1360 1156 Byrri-

189 1211 271 1270 aque
313 1196 421 1255 absint
461 1196 672 1274 conpatiteptv
715 1219 741 1255 n
777 1197 904 1272 habere,
940 1197 1060 1256 rectius
1095 1196 1195 1256 etiam
1230 1192 1361 1274 ἀγροικό·

188 1307 272 1386 cepto
294 1331 321 1366 τι
340 1309 487 1369 dixisset.
508 1310 591 1369 Nam
611 1306 762 1388 ἀγροικίας
782 1310 861 1369 vitio
880 1309 1048 1370 laborabat
1066 1309 1231 1369 Menandri
1242 1309 1361 1385 fabula,

188 1423 272 1496 quod
295 1423 464 1482 Terentius
487 1423 675 1483 felicissimo
699 1439 757 1483 suo
780 1424 913 1483 invento
937 1423 1061 1483 exemit
1080 1423 1286 1496 sustulitque.

233 1536 353 1595 Deinde
376 1537 460 1610 quod
483 1537 522 1595 de
545 1537 649 1611 primo
669 1538 799 1596 nostrae
818 1536 945 1596 tabulae
965 1539 1040 1596 actu
1060 1552 1119 1610 ego
1138 1536 1360 1611 observabam,

189 1650 275 1708 idem
298 1651 336 1709 de
357 1649 577 1710 enuntiatione
598 1666 710 1710 earum
730 1666 911 1725 scenarum,
932 1650 985 1710 ubi
1007 1649 1165 1710 Charinus
1184 1650 1362 1723 Byrriaque

188 1765 370 1840 loquuntur,
396 1765 458 1824 dici
480 1766 604 1839 potest:
628 1765 685 1824 illa
707 1781 833 1840 quoque
855 1765 960 1824 laxior
979 1766 1030 1824 est
1049 1766 1082 1824 et
1101 1764 1226 1838 legibus
1245 1764 1361 1824 soluta.

190 1877 276 1952 Quae
306 1893 359 1936 res
390 1878 442 1937 hic
469 1894 594 1952 quoque
622 1878 719 1939 efficit
741 1881 778 1938 ut
800 1879 896 1938 rebus
919 1878 1077 1952 factisque
1101 1879 1288 1938 Terentium
1312 1879 1362 1938 de-

188 1991 426 2066 prehendamus
449 2007 507 2051 suo
531 1993 637 2051 solum
660 1994 807 2052 utentem
830 1993 969 2066 ingenio.

232 2105 401 2164 Postremo
425 2121 524 2179 quam
542 2106 645 2180 lepide
665 2106 739 2166 illae
759 2107 826 2164 sint
845 2121 865 2165 a
884 2105 1033 2166 Terentio
1053 2107 1235 2166 elaboratae
1247 2121 1364 2166 scenae

189 2219 318 2294 egregie
341 2220 434 2278 docet
458 2219 639 2279 Scholiasta
661 2220 713 2278 his
738 2220 1017 2280 annotationibus:

233 2310 274 2407 ii,
310 2333 336 2408 1,
373 2333 422 2391 18.
448 2332 675 2392 Charinum
699 2334 833 2404 video]
861 2335 920 2409 ,ad
944 2335 1005 2394 hoc
1027 2335 1113 2408 prior
1136 2334 1248 2408 incipit
1270 2334 1363 2392 Pam-

188 2447 305 2522 philus,
338 2449 375 2505 ut
402 2446 442 2505 ad
466 2446 702 2506 confessionem
727 2445 857 2506 Charini
879 2447 989 2506 minus
1013 2447 1123 2506 clausa
1145 2462 1222 2521 prae
1244 2447 1364 2521 pudore

189 2561 234 2619 sit
256 2560 342 2620 via.”

234 2673 274 2748 II,
302 2674 329 2747 1,
356 2672 407 2733 25.
779 2673 836 2734 Po.
861 2674 1008 2733 Ehodum
1031 2675 1082 2734 dic
1104 2673 1196 2750 mihi,

321 2786 407 2845 Num
430 2786 506 2860 quid
529 2802 606 2846 nam
630 2787 771 2861 amplius
794 2787 853 2847 tibi
877 2802 951 2846 cum
974 2787 1029 2846 illa
1048 2787 1109 2846 fuit
1129 2786 1290 2847 Charine?
1312 2785 1364 2848 Ch.

1044 2900 1116 2976 [Ah,
1140 2900 1318 2974 Pamphile.

192 3011 393 3088 „Artificiose
412 3028 586 3088 personam
606 3013 768 3088 expressit
786 3013 956 3073 Terentius
972 3014 1102 3087 nuptias
1113 3015 1319 3073 recusantem
1332 3015 1366 3073 61

189 3127 288 3186 simul
310 3125 342 3186 τὸ
365 3123 479 3205 πρέπον
502 3127 620 3201 virgini
643 3127 819 3187 servavit.”

234 3240 275 3315 ΙΙ,
304 3242 330 3316 1,
357 3241 408 3300 27.
434 3240 573 3314 Roganti
597 3240 735 3300 Charino
762 3240 912 3315 „obsecro
936 3256 977 3299 16
997 3241 1095 3300 ducas
1114 3239 1364 3300 Philumenam”

191 3354 362 3426 respondet
400 3353 606 3427 Pamphilus:
644 3354 745 3428 ,dabo
780 3354 929 3427 equidem
964 3355 1127 3429 operam.''
1163 3354 1364 3413 Annotatur:

193 3481 287 3542 ,cum
321 3466 582 3540 pronuntiatione
616 3467 789 3540 legendum
824 3468 883 3526 est.
919 3467 996 3526 Plus
1031 3467 1118 3526 enim
1149 3467 1232 3526 dixit
1262 3467 1365 3527 dabo

190 3595 358 3655 operam
381 3595 480 3653 quam
503 3580 532 3640 si
555 3581 676 3639 diceret
699 3596 777 3640 non
807 3582 986 3640 ducam.”

235 3695 275 3772 H,
304 3696 331 3770 1,
358 3695 409 3754 29.
434 3695 541 3754 Audi
564 3710 672 3755 nunc
695 3695 785 3754 iam.
810 3696 971 3769 Pamphili
994 3696 1074 3755 haec
1096 3695 1196 3755 verba
1218 3696 1303 3769 sunt,
1325 3695 1366 3754 ad

191 3824 273 3883 quae
315 3810 506 3869 annotatur:
553 3810 729 3884 ,correptio
772 3809 982 3885 impatientis,
1017 3809 1072 3883 qui
1106 3824 1171 3868 non
1205 3809 1367 3868 sustineat

190 3922 332 3982 audire.”
349 3916 369 3994 ¹)

235 4036 275 4112 Π,
303 4038 330 4112 1,
356 4037 408 4097 32.

278 4150 335 4211 Pa.
360 4151 496 4225 Nuptias
521 4149 662 4224 effugere
685 4166 744 4224 ego
767 4151 849 4209 istas
872 4149 959 4208 malo
982 4165 1081 4223 quam
1103 4152 1140 4208 tu
1164 4149 1342 4223 adipiscier.

191 4265 262 4324 Sch.
291 4265 501 4339 ,interposita
524 4263 730 4324 distinctione
753 4264 901 4323 voltuose
924 4263 985 4322 hoc
1008 4262 1117 4323 dicit.”

218 4443 235 4495 ι)
257 4408 340 4486 ι16111
361 4443 391 4487 de
413 4442 538 4497 exsilio,
559 4452 622 4494 quae
639 4441 770 4497 adduntur,
783 4452 797 4485 e
810 4440 967 4495 praecedenti
981 4439 1076 4484 scholio
1089 4438 1247 4493 ineptissime
1259 4437 1367 4491 repetita

190 4522 313 4566 videntur.
1152 4529 1154 4532 ’
