3254 5274
783 622 821 680 13

213 811 376 887 deleniret,
398 811 470 872 vult
488 811 680 886 persuadere
696 810 872 870 Phaedriae
884 825 949 870 non
961 826 996 870 se
1008 813 1112 872 amari
1125 813 1181 871 sed
1193 814 1385 889 virginem.'‘

212 925 356 986 Alterius
376 927 436 986 hoc
456 927 506 987 est
525 926 672 985 initium:
696 927 753 1001 ,ut
768 925 820 985 vel
832 925 979 985 laedendi
991 926 1107 986 militis
1120 942 1218 987 causa
1229 928 1387 988 Phaedria

211 1041 386 1114 patiatur”.
414 1039 570 1114 corrupta
598 1042 675 1099 sunt
698 1055 780 1114 quae
803 1042 991 1116 sequuntur,
1016 1041 1073 1100 sed
1097 1041 1171 1114 quid
1194 1042 1301 1101 totum
1324 1042 1386 1101 sibi

212 1154 352 1214 voluerit
382 1135 544 1215 scholion'
558 1154 629 1215 luce
659 1155 711 1214 est
738 1153 865 1214 clarius.
891 1154 941 1213 Ad
964 1169 1097 1214 versum
1121 1155 1209 1214 enim
1235 1156 1306 1231 145,
1331 1155 1386 1215 ubi

213 1267 259 1326 ita
282 1268 380 1328 Thais
404 1270 442 1328 de
466 1268 573 1342 puella
596 1267 658 1326 sibi
682 1283 701 1326 a
724 1267 829 1326 milite
853 1267 1014 1342 promissa
1037 1268 1195 1342 loquitur:

360 1383 479 1442 Multae
502 1383 580 1441 sunt
604 1396 720 1441 causae
744 1381 955 1454 quamobrem
979 1382 1071 1456 cupio
1095 1383 1251 1442 abducere

212 1498 405 1556 annotatum
424 1495 626 1554 invenimus:
650 1494 777 1570 ,Etiam
797 1495 966 1555 hocverbo
979 1493 1179 1569 gratificatur
1190 1495 1384 1556 Phaedriae:

211 1625 277 1670 non
297 1609 389 1670 enim
404 1611 598 1685 accipere
617 1612 654 1668 ut
674 1610 713 1669 ab
733 1610 838 1670 amico
858 1612 1086 1670 remunerante
1102 1612 1159 1670 sed
1179 1612 1385 1672 abducere

211 1727 249 1784 ut
279 1725 318 1784 ab
349 1725 450 1785 stulto
482 1726 514 1784 et
540 1725 705 1799 expertem
730 1723 820 1785 Haec
843 1740 918 1799 ergo
942 1725 1108 1785 annotatio
1132 1725 1218 1786 idem
1242 1727 1385 1787 continet

211 1841 295 1913 quod
314 1841 395 1900 duae
415 1840 489 1899 illae
510 1841 549 1898 ad
569 1855 617 1898 vs.
642 1840 722 1913 142;
743 1839 903 1912 siquidem
923 1855 1076 1913 expers
1096 1841 1155 1900 hoc
1176 1841 1245 1901 loco
1265 1840 1383 1915 signifi·

212 1956 280 2014 cat:
301 1955 382 2014 mei
402 1955 558 2014 amoris
578 1969 695 2028 expers
715 1956 747 2013 et
763 1954 815 2014 cui
827 1954 898 2028 ipsa
909 1954 990 2013 nihil
1001 1969 1145 2028 unquam
1158 1957 1383 2016 concesserim.

256 2083 304 2128 vs.
344 2069 405 2128 144
440 2083 487 2141 sq.
527 2068 647 2128 Audita
681 2067 812 2127 Thaidis
847 2067 1029 2142 suspicione
1063 2069 1102 2128 de
1136 2070 1240 2129 milite
1275 2085 1384 2129 amore

210 2183 336 2256 puellae
366 2183 453 2243 illius
485 2185 587 2259 capto,
618 2183 798 2242 verecunde
829 2185 862 2241 et
885 2185 1071 2262 σεμνολογῶν
1094 2183 1251 2243 Phaedria
1273 2186 1382 2258 rogat:

214 2298 376 2373 „etiamne
397 2297 581 2372 amplius?“
602 2296 740 2371 Etenim,
762 2298 799 2356 ut
819 2296 1018 2356 scholiastae
1038 2295 1146 2354 verbis
1165 2298 1255 2356 utar:
1272 2313 1382 2390 ,mun-

211 2411 268 2471 dat
298 2412 476 2488 Terentius,
509 2413 546 2471 ut
575 2411 667 2486 solet,
700 2427 753 2470 res
779 2411 1003 2470 huiuscemodi
1025 2425 1081 2484 per
1105 2410 1232 2485 ellipsin
1255 2414 1382 2471 suam’‘.

210 2525 396 2601 Respondet
419 2527 533 2586 Thais:

633 2641 687 2716 nil,
713 2657 790 2700 nam
815 2641 961 2714 quaesivi

211 2757 245 2814 et
272 2755 451 2816 Scholiasta
475 2756 628 2815 annotat:
656 2755 797 2828 ,optime
819 2755 971 2828 purgavit
994 2756 1172 2831 Terentius,
1198 2758 1281 2830 quod
1304 2772 1383 2816 mox

210 2868 397 2929 liberalibus
422 2869 543 2943 nuptiis
567 2869 673 2928 iuerat
696 2868 893 2944 obfuturum,
919 2869 947 2928 si
970 2870 1121 2929 vitiatam
1145 2871 1304 2944 virginem
1329 2872 1381 2930 du·

211 2985 298 3042 ceret
314 2982 465 3043 Chaerea.
479 2983 668 3043 Necessario
681 2999 756 3058 ergo
769 2983 957 3059 defenditur,
972 2985 1141 3057 tamquam
1154 2999 1235 3056 quae
1247 2985 1382 3044 honeste

210 3100 350 3171 nuptura
370 3099 451 3157 est.‘’
474 3097 560 3173 Quae
580 3098 642 3157 huc
661 3097 728 3156 fere
747 3097 899 3157 redeunt:
920 3097 1022 3157 totius
1037 3097 1164 3157 fabulae
1177 3101 1382 3160 oeconomiae

210 3212 245 3270 in
264 3213 410 3286 tempore
429 3212 583 3286 prospicit
601 3214 706 3286 poeta.
728 3212 789 3271 Illa
804 3213 891 3271 enim
903 3212 1010 3287 puella
1023 3212 1192 3289 Chaereae,
1206 3214 1382 3274 Phaedriae

209 3324 330 3399 fratris,
363 3326 489 3384 iuvenis
520 3326 657 3386 honesto
687 3325 757 3385 loco
788 3327 866 3401 nati,
898 3341 981 3386 uxor
1004 3325 1069 3386 fiet.
1093 3327 1134 3387 Et
1156 3328 1278 3402 optime
1300 3328 1382 3387 mihi

209 3438 347 3497 videtur*
371 3454 493 3511 reram¹
518 3439 580 3499 loci
614 3440 683 3498 vim
717 3440 922 3514 perspexisse
957 3440 1146 3500 Scholiasta.
1184 3440 1263 3516 Quid
1294 3443 1382 3501 enim

210 3552 370 3612 attinebat
389 3552 545 3612 Thaidem
565 3555 635 3613 tam
654 3551 791 3613 tirmiter
810 3554 872 3613 hoc
890 3569 1017 3630 negare,
1039 3570 1120 3628 quae
1143 3556 1202 3630 ,ad
1221 3556 1382 3629 virginem

210 3666 358 3725 animum
389 3667 566 3727 adiecisse’'
597 3667 739 3727 militem
770 3669 1017 3742 suspicetur
1047 3669 1283 3744 tantummodo,
1318 3670 1382 3728 nisi

209 3780 360 3840 subesset
381 3781 435 3841 hic
457 3781 585 3855 aliquod
607 3783 757 3856 poetae
781 3782 976 3842 consilium?

255 3908 303 3953 vs.
338 3894 400 3954 146
424 3910 492 3968 sqq.
517 3894 586 3954 Has
610 3895 705 3955 affert
728 3911 844 3955 causas
868 3895 966 3956 Thais
991 3911 1046 3956 cur
1069 3897 1211 3971 puellam
1235 3911 1254 3955 a
1276 3897 1380 3956 milite

213 4006 410 4082 „abducere”
436 4009 561 4083 cupiat:

298 4119 445 4180 Primum
468 4123 552 4195 quod
575 4136 666 4183 soror
688 4124 739 4182 est
762 4123 856 4198 dicta,
881 4125 1048 4198 praeterea
1069 4125 1107 4182 ut
1129 4123 1198 4182 suis

300 4232 484 4295 Restituam
508 4251 546 4295 ac
568 4237 718 4296 reddam:
743 4236 812 4297 sola
835 4252 919 4312 sum,
944 4237 1045 4296 habeo
1069 4237 1122 4296 hic
1144 4235 1309 4295 neminem

299 4345 408 4422 Neque
431 4348 574 4409 amicum
597 4365 700 4423 neque
724 4351 914 4424 cognatum:
939 4350 1149 4424 quamobrem
1171 4349 1329 4409 Phaedria

300 4458 399 4537 Oupio
423 4460 548 4540 aliquos
570 4478 683 4538 parere
707 4463 829 4524 amicos
852 4462 1005 4524 beneficio
1028 4463 1111 4526 mee.
