3234 5254
746 646 810 706 238

186 834 398 894 Terentianae
432 832 587 892 orationis
620 832 758 892 facetiae
792 832 929 893 habent:
961 835 1076 893 tenues
1107 837 1193 910 sunt,
1226 834 1363 894 subtiles

186 949 282 1021 atque
314 947 473 1006 eiusmodi
503 947 540 1004 ut
570 961 634 1004 non
665 947 779 1020 sponte
803 961 822 1006 a
845 947 960 1019 quovis
984 947 1206 1007 observentur.
1231 947 1363 1021 Raptim

186 1061 351 1134 obiterque
382 1060 436 1134 qui
467 1058 654 1118 Terentium
681 1058 768 1134 legit,
794 1061 935 1132 quantus
959 1060 1013 1120 1111
1036 1061 1134 1120 tuerit
1157 1060 1276 1120 artifex
1299 1075 1363 1119 101

184 1174 323 1246 videbit;
347 1173 467 1233 sentiet
490 1173 550 1232 hoc
574 1173 629 1245 qui
649 1172 702 1231 diu
722 1173 868 1246 singulos
887 1173 957 1232 eius
976 1189 1092 1232 versus
1112 1174 1195 1247 apud
1215 1174 1363 1232 animum

185 1302 282 1346 suum
316 1285 528 1361 perpenderit,
565 1287 598 1344 et
632 1285 665 1343 in
699 1286 769 1344 dies
803 1286 923 1344 sentiet
957 1285 1073 1361 magis,
1109 1287 1284 1346 dummodo
1321 1319 1361 1328 -

185 1416 325 1474 namque
355 1401 416 1459 hoc
446 1399 596 1458 accedere
627 1399 722 1458 debet
753 1433 793 1442 -
824 1401 939 1473 poetae
969 1399 1363 1460 venustates‘monstrari

185 1514 246 1573 sibi
273 1514 415 1588 patiatur
438 1527 458 1571 a
480 1512 763 1586 praestantissimo
786 1512 841 1572 illo
864 1513 943 1587 vir0,
969 1514 1007 1572 de
1032 1528 1093 1586 quo
1116 1515 1206 1572 totus
1230 1513 1364 1571 11111111

184 1628 273 1688 liber.
305 1628 386 1686 Tam
417 1627 519 1686 bonus
551 1627 638 1686 11111
670 1627 724 1686 1111
751 1627 893 1686 Terentii
916 1627 1098 1688 1111111101
1121 1629 1158 1687 ut
1181 1643 1245 1686 101
1268 1627 1362 1688 facile

185 1741 214 1800 11
236 1757 294 1816 par
318 1739 457 1799 exsistat
480 1739 606 1812 aliquis.
628 1739 747 1814 Quodsi
766 1741 839 1813 quis
860 1742 953 1814 putet
976 1740 1076 1799 nimis
1094 1757 1148 1800 me
1169 1740 1216 1800 illi
1235 1756 1362 1800 morem

184 1870 294 1928 gerere
325 1856 358 1914 et
388 1869 470 1927 quae
500 1869 661 1927 nusquam
692 1855 759 1913 sint
784 1857 946 1914 terrarum
969 1855 1078 1914 videro
1101 1855 1185 1914 velle
1208 1856 1362 1929 quoniam

184 1968 316 2028 iusserit
338 1969 409 2027 ille:
434 1967 519 2026 hunc
543 1968 650 2042 ipsum
674 1969 824 2042 equidem
848 1969 969 2043 accipio
993 1969 1142 2028 iudicem.
1167 1968 1301 2042 Aliquot
1323 1969 1362 2028 de

183 2083 356 2142 reconditis
380 2081 521 2141 Terentii
544 2082 671 2142 facetiis
692 2083 891 2142 scholiastae
911 2084 1155 2143 observationes
1175 2083 1274 2157 eligat
1292 2083 1362 2157 ipse

184 2198 216 2255 11
235 2197 361 2255 tamdiu
372 2197 483 2255 mente
496 2195 731 2270 contempletur
743 2197 844 2255 donec
855 2211 968 2255 veram
981 2211 1094 2255 earum
1105 2195 1279 2270 perspiciat
1291 2210 1360 2253 sen-

183 2311 338 2384 tentiam;
370 2312 441 2369 tum
473 2309 615 2369 Terentii
644 2325 768 2386 versus,
802 2311 841 2370 ad
873 2325 953 2385 quos
980 2311 1055 2370 11111
1078 2311 1249 2386 pertinent,
1275 2311 1362 2370 clara

183 2438 262 2483 voce
293 2425 339 2483 ita
369 2423 484 2482 1101111
514 2424 550 2480 ut
579 2423 709 2481 recitari
740 2438 796 2482 108
821 2422 1003 2482 Scholiasta
1025 2424 1145 2483 voluit:
1170 2426 1257 2483 recte
1285 2439 1361 2483 eum

182 2534 303 2593 vidisse
339 2534 513 2609 apparebit.
549 2536 651 2609 Magis
685 2551 762 2595 vero
796 2537 1002 2610 perspicuum
1037 2535 1093 2596 flet
1126 2537 1195 2613 hoo,
1230 2537 1258 2595 si
1288 2537 1360 2610 quis

182 2649 285 2709 bonus
318 2652 515 2725 praeceptor,
551 2650 605 2722 qui
639 2665 812 2724 puerorum
846 2654 975 2710 mentes
1009 2666 1123 2726 capere
1154 2654 1188 2712 et
1218 2653 1360 2712 detinere

160 2762 294 2838 „possit
327 2763 361 2822 11
391 2764 477 2823 hunc
500 2764 633 2823 modum
657 2763 823 2838 discipulis
846 2765 915 2823 suis
938 2766 1070 2839 poetam
1093 2766 1243 2824 nostrum
1265 2764 1359 2824 inter·

181 2877 376 2950 pretabitur:
404 2892 484 2937 mox
508 2877 595 2936 enim
618 2878 652 2935 in
675 2877 798 2936 deliciis
822 2893 897 2936 eum
921 2878 967 2937 illi
990 2878 1163 2937 habebunt.
1188 2878 1229 2936 Et
1252 2877 1362 2937 credat

182 2991 353 3064 quisquam
378 3006 506 3065 semper
528 2992 737 3050 venustatem
753 2990 896 3064 aliquam
915 3007 991 3050 vere
1007 2991 1236 3050 Terentianum
1256 2990 1360 3064 lepido

82 3078 102 3104 ⁹
182 3104 278 3163 alicui
297 3104 463 3163 Menandri
482 3104 535 3163 vel
553 3103 738 3178 Apollodori
756 3104 854 3162 verbo
874 3104 1090 3178 respondere?
1110 3105 1161 3164 Ita
1180 3105 1219 3163 de
1240 3103 1360 3163 Graeco

182 3218 295 3277 Latine
325 3220 452 3278 vertere
482 3233 577 3293 posse
605 3217 786 3276 humanum
810 3218 944 3276 modum
968 3218 1097 3277 excedit
1118 3218 1286 3291 multoque
1310 3221 1362 3277 est

181 3330 341 3390 difficilius
372 3347 470 3404 quam
493 3346 596 3390 novas
619 3330 802 3390 comoedias
825 3330 958 3389 Latinas
981 3330 1087 3390 facere
1111 3346 1243 3390 summa
1265 3331 1360 3389 laude

182 3444 305 3519 dignas.
330 3445 441 3520 Legite
464 3444 546 3503 mihi
570 3444 765 3517 colloquium
788 3443 867 3502 illud
891 3443 1023 3502 Thaidis
1047 3459 1122 3503 cum
1146 3443 1304 3503 Phaedria
1327 3445 1360 3502 et

181 3558 381 3617 Parmenone
404 3558 438 3616 in
460 3557 606 3616 Eunuchi
629 3556 721 3616 initio
744 3556 797 3616 vel
821 3556 987 3615 Sostratae
1010 3571 1085 3615 cum
1104 3556 1273 3630 Pamphilo
1293 3554 1359 3616 filio

181 3671 215 3730 in
248 3671 393 3745 Hecyra:
424 3671 587 3745 permulta
616 3670 660 3729 ibi
691 3669 892 3743 cognoscetis
924 3669 1079 3747 orationis
1111 3669 1244 3745 lumina,
1277 3684 1360 3742 quae

181 3787 328 3860 egregius
352 3785 468 3858 aliquis
491 3787 587 3859 poeta
610 3784 679 3858 ipse
698 3783 843 3842 invenire
863 3783 975 3858 possit,
997 3782 1156 3842 imitando
1177 3782 1360 3857 exprimere

180 3899 291 3959 omnia
320 3914 361 3958 ne
392 3898 460 3972 ipse
491 3897 622 3970 quidem
651 3897 757 3971 possit
782 3895 906 3970 Apollo.
932 3895 1076 3968 Cumque
1099 3896 1202 3955 oratio
1226 3896 1360 3954 demum

180 4028 288 4072 mores
318 4011 489 4072 hominum
520 4011 632 4070 reddat
659 4009 858 4085 conspicuos
883 4009 944 4068 hoc
967 4009 1033 4068 iam
1058 4006 1254 4068 confidenter
1277 4008 1357 4068 affir-

179 4141 270 4186 mare
300 4139 475 4200 possumus
505 4156 549 4164 —
580 4125 613 4182 et
643 4123 748 4197 gratia
771 4121 897 4181 Donato
921 4122 976 4194 qui
999 4123 1036 4181 ut
1058 4121 1223 4196 possimus
1247 4122 1358 4182 effece-

180 4242 239 4301 rit:
273 4273 313 4284 —
345 4255 410 4300 non
440 4239 547 4299 solum
577 4238 658 4298 locis
688 4239 741 4297 sat
770 4237 885 4297 multis
915 4236 1099 4296 fabularum
1122 4236 1356 4312 oeconomiam,

180 4368 262 4426 quae
284 4353 369 4428 apud
389 4351 527 4412 Graecos
546 4351 609 4410 fuit
628 4352 785 4426 auctores,
807 4349 977 4409 Terentius
997 4349 1148 4425 mutavit,
1169 4350 1356 4424 sedetiam,

179 4467 263 4540 quod
293 4467 327 4524 in
349 4465 476 4540 fabulis,
502 4479 638 4538 quarum
662 4466 732 4523 tam
756 4462 897 4536 simplex
919 4463 1070 4538 11111110,
1096 4462 1200 4522 multo
1223 4463 1358 4522 maioris
