3234 5254
731 659 794 716 205

171 848 372 908 Annotatur:
411 847 482 922 ,hic
516 846 582 904 iam
618 845 798 904 ostenditur
827 859 1020 918 persuasum
1052 859 1123 903 esse
1155 843 1348 919 Demiphoni

171 964 241 1021 vim
276 962 455 1022 adhibitam
489 959 555 1018 lilio
589 973 649 1018 suo
682 973 819 1018 uxorem
853 958 985 1018 ducere:
1004 972 1093 1033 uno,
1131 973 1232 1031 quum
1262 958 1348 1017 hunc

171 1077 373 1135 audacem
397 1073 553 1149 appellat:
575 1073 677 1131 altero
696 1073 780 1145 quod
800 1072 878 1132 dicit
897 1071 1036 1131 etiam.
1058 1070 1145 1145 Quae
1165 1071 1347 1131 coniunctio

172 1190 206 1248 et
228 1188 449 1262 Antiphonem
472 1185 697 1260 complectitur
717 1184 817 1244 etsie
837 1185 1058 1245 accusatum.”
1071 1185 1133 1245 Pro
1152 1185 1215 1245 sic
1236 1200 1347 1245 accu-

171 1305 312 1363 satum
334 1303 406 1377 lege
429 1317 471 1360 se
492 1300 749 1360 accusatum.
770 1299 900 1359 Etenim
918 1299 1074 1359 vocabulo
1096 1299 1226 1358 etiam
1246 1314 1348 1358 senex

171 1419 233 1477 hoc
263 1415 444 1491 significat:
480 1429 563 1489 „non
593 1413 700 1472 solum
732 1413 810 1472 olim
836 1411 941 1472 filium
966 1427 1077 1472 meum
1102 1413 1268 1472 accusavit
1291 1412 1348 1472 sed

171 1546 258 1590 nunc
281 1545 334 1589 me
358 1529 516 1614 quoquest?

220 1645 260 1703 14
284 1659 342 1716 sq„
400 1641 456 1702 Ph.
480 1641 565 1700 Nam
587 1641 654 1700 iam
678 1640 874 1700 adolescenti
897 1641 943 1701 nil
966 1642 1119 1713 estquod
1139 1656 1350 1701 succenseam

485 1754 518 1813 Si
540 1754 634 1814 illum
657 1754 767 1812 minus
791 1755 894 1814 norat.

172 1871 372 1930 Annotatur:
408 1868 551 1944 ,...sic
582 1867 668 1942 dicit,
701 1868 785 1940 quod
810 1867 844 1926 si
872 1868 1059 1927 adolescens
1083 1883 1147 1926 non
1171 1883 1349 1942 agnoscens

171 1985 315 2059 puellam
337 1983 468 2042 veniam
492 1998 556 2042 non
579 1982 744 2056 meruerit,
768 1983 860 2056 pater
882 1983 1002 2054 negata
1025 1983 1163 2055 cognata
1185 1983 1261 2042 ferri
1284 1998 1349 2043 non

171 2097 308 2173 possit.”
332 2097 371 2155 In
393 2096 501 2156 verbis
520 2095 689 2154 veniam
708 2111 787 2154 non
806 2095 1013 2154 meruerit
1034 2094 1104 2154 dele
1123 2109 1219 2154 non:
1240 2095 1349 2153 iuveni

171 2211 404 2286 ignoscendum
425 2211 508 2284 quod
527 2224 592 2269 non
608 2209 734 2268 noverit
747 2224 821 2268 eam
833 2223 915 2282 quae
927 2209 1128 2268 innotescere
1141 2209 1170 2268 ei
1183 2224 1247 2268 non
1259 2211 1315 2283 pot
1340 2241 1348 2250 -

173 2327 252 2401 erit;
276 2341 341 2384 non
363 2326 472 2398 potest
495 2324 618 2398 ignosci
635 2305 725 2398 ¹patri
750 2325 922 2398 cognatam
945 2339 980 2383 se
1000 2324 1148 2397 ignorare
1168 2323 1347 2383 simulanti.

220 2440 272 2498 20.
298 2437 421 2512 Quem
452 2453 525 2511 ego
548 2437 732 2497 viderim
755 2437 795 2495 in
819 2438 910 2496 vita
933 2437 1148 2511 optimum]
1177 2436 1293 2512 ,modo
1315 2435 1349 2494 in

174 2553 244 2611 vita
266 2567 304 2611 ao
326 2551 503 2611 moribus.’'
528 2551 581 2609 Sic
599 2550 752 2610 emendo:
776 2551 891 2625 ,modo
912 2551 942 2620 (i.
958 2566 985 2610 e.
1006 2550 1165 2625 hocloco,
1185 2551 1222 2610 ut
1242 2552 1348 2622 saepe)

175 2667 215 2725 in
238 2666 385 2725 vitain
409 2666 493 2740 actu,
519 2664 552 2722 in
576 2664 753 2724 moribus.”
777 2665 877 2724 Paulo
901 2666 975 2738 post
997 2664 1084 2724 idem
1104 2665 1240 2724 recurrit
1259 2664 1348 2724 scho-

175 2779 240 2839 lion
263 2779 426 2838 sincerum
451 2777 686 2851 integrumque.

220 2893 272 2952 31.
304 2890 576 2961 Adolescens]
609 2893 680 2965 ,est
708 2891 789 2950 haec
819 2891 995 2950 auotoritas
1026 2892 1059 2950 in
1082 2891 1213 2950 senibus
1236 2893 1273 2950 ut
1296 2892 1350 2964 qui

175 3005 311 3064 minoris
334 3005 452 3064 aetatis
475 3004 595 3063 fuerint
618 3005 691 3064 illos
715 3004 929 3079 appellatione
952 3005 1042 3078 pueri
1062 3005 1115 3064 vel
1135 3005 1349 3065 adolescentis

176 3118 227 3178 vel
258 3119 385 3179 iuvenis
416 3119 516 3178 etiam
547 3119 736 3178 ostendant:
768 3120 805 3178 ut
831 3119 892 3178 hoc
915 3119 954 3178 de
977 3119 1108 3178 nomine
1132 3118 1196 3177 illis
1219 3119 1349 3193 quidem

176 3231 356 3306 detrahant,
389 3231 450 3290 sibi
480 3247 557 3292 vero
588 3232 816 3291 auctoritatem
847 3231 1058 3291 attribuant.”
1089 3233 1113 3291 Ε
1144 3233 1252 3292 verbis
1274 3233 1350 3292 hoc

177 3344 222 3403 de
244 3345 412 3404 nomine
432 3346 539 3405 exime
563 3345 626 3404 de:
652 3345 773 3405 etenim
796 3345 927 3405 nomine
951 3345 1138 3406 adolescens
1162 3361 1265 3405 senex
1287 3345 1349 3404 sibi

176 3458 413 3518 auctoritatem
428 3459 583 3534 attribuit,
609 3458 750 3518 detrahit
774 3458 930 3528 (absolute
954 3459 1042 3518 enim
1062 3461 1123 3519 hoc
1141 3441 1278 3519 verbum
1297 3460 1350 3519 hic

175 3571 314 3645 ponitur)
339 3573 368 3632 ei
392 3587 489 3646 quem
513 3572 696 3646 alloquitur.

221 3686 274 3744 35.
305 3685 476 3760 Egregiam
506 3686 603 3745 huius
633 3685 696 3744 loci
727 3685 959 3746 correctionem
989 3686 1063 3746 vide
1094 3688 1178 3761 apud
1208 3685 1349 3746 Wester·

175 3799 319 3858 hovium.
1109 3804 1111 3808 ’

221 3914 274 3973 48.
307 3911 486 3987 Stilpho]
521 3912 696 3990 ησύλληψις,
729 3929 806 3973 nam
834 3915 938 3974 reddit
961 3915 1000 3974 ad
1023 3915 1263 3975 nominativum
1288 3917 1350 3986 [est

176 4029 288 4102 utique
323 4028 470 4104 Stilphol,
506 4029 558 4104 ut,
576 4043 689 4087 rursus
723 4029 762 4088 ad
798 4029 1053 4089 accusativum.‘’
1085 4030 1119 4088 L.
1151 4030 1263 4089 redit
1292 4045 1349 4104 pro

177 4142 334 4201 reddit:
371 4142 410 4201 ab
446 4141 631 4202 accusativo
666 4141 884 4202 sobrinum
919 4143 1002 4201 redit
1036 4142 1076 4201 ad
1110 4143 1350 4202 nominativum

178 4254 355 4330 Stilpho,
377 4254 416 4314 ab
436 4253 491 4314 illo
508 4255 547 4313 ad
561 4253 783 4314 accusativum
801 4254 1077 4329 Stilphonem.
1091 4254 1204 4314 Verbis
1216 4255 1350 4314 inclusis

177 4368 254 4441 quid
277 4367 396 4428 faciam
418 4368 537 4428 nescio.

223 4483 265 4541 76
289 4497 357 4555 sqq.
392 4480 549 4555 Demipho
572 4480 652 4541 haec
674 4481 860 4540 Phormioni
884 4480 1068 4540 denuntiat:
