3230 5260
731 704 791 762 133

171 887 244 947 Vis
277 889 541 950 vindicaturi
572 890 664 950 nihili
688 893 747 950 est.
772 892 874 965 Lego:
902 906 961 965 „ne
985 891 1117 950 amittat
1138 890 1217 964 vim,
1243 889 1342 949 vindi-

74 1011 76 1016 *
172 1003 304 1061 caturus
328 1003 356 1061 si
379 1003 556 1064 rescierit.’'

221 1115 269 1174 16.
294 1117 392 1175 Nam
416 1117 521 1190 quod
545 1118 726 1177 antehac
749 1118 873 1188 fecit]
898 1131 972 1192 „pro
993 1118 1190 1192 antehac,
1212 1133 1341 1177 consue-

171 1203 297 1288 tudine
317 1230 422 1304 magis
457 1245 556 1304 qnam
590 1232 714 1290 ratione
742 1232 889 1291 dicitur.”
914 1232 1015 1305 Lege:
1040 1247 1111 1305 pro
1135 1232 1343 1290 antehaec

171 1357 198 1400 e.
220 1358 249 1415 q.
270 1358 296 1401 s.
328 1344 397 1403 Hoc
418 1343 505 1404 enim
529 1345 600 1404 vult
623 1344 827 1418 magistellus
851 1345 906 1418 qui
929 1345 1171 1405 annotationem
1195 1345 1341 1418 scripsit:

173 1457 386 1530 „praepositio
420 1460 517 1518 ante
552 1458 775 1518 accusativum
809 1459 923 1532 habet;
958 1458 1128 1517 dicendum
1163 1475 1238 1532 ergo
1273 1460 1342 1518 erat

170 1571 268 1628 aute
291 1570 424 1630 haoo.'’
480 1622 481 1626 ,
1047 1563 1048 1568 ’

216 1682 267 1742 23.
303 1685 352 1743 Ad
387 1683 469 1744 Davi
504 1685 626 1744 dictum
657 1685 735 1744 illud
766 1687 992 1745 notissimum:
1028 1684 1156 1759 „Davus
1180 1700 1254 1743 sum
1278 1700 1342 1743 non

171 1797 330 1870 Oedipus’'
367 1798 564 1872 adscriptum
600 1801 666 1857 est:
706 1800 841 1875 „Facete
876 1815 911 1858 se
943 1801 1074 1874 negavit
1106 1799 1272 1875 Oedipum,
1305 1801 1342 1858 ut

170 1925 282 1969 senem
307 1911 448 1986 Sphinga
471 1927 543 1971 esse
567 1912 744 1988 confirmet,
769 1928 833 1972 non
858 1912 1046 1986 Oedipum.”
1068 1913 1221 1986 Lepidam
1245 1928 1340 1972 anno-

168 2024 327 2084 tationem
346 2026 569 2100 pessumdedit
587 2027 642 2100 qui
661 2027 749 2086 istud
768 2043 847 2086 non
871 2028 1071 2101 Oedipum
1091 2027 1130 2087 de
1142 2042 1200 2086 suo
1213 2027 1339 2086 adiecit.

169 2138 258 2198 Haeo
277 2140 365 2198 enirn
384 2139 446 2199 fuit
466 2141 665 2200 scholiastae
678 2142 856 2200 sententia:
873 2156 928 2216 „se
942 2141 1098 2214 Oedipum
1111 2156 1182 2199 esse
1195 2141 1340 2214 negando

168 2252 379 2313 maledictum
410 2255 443 2312 in
473 2254 640 2314 dominum
671 2256 748 2314 iacit
779 2257 812 2315 et
834 2253 872 2314 σὺ
896 2249 949 2330 μὲν
971 2252 1070 2332 Σφίγξ
1094 2246 1128 2327 εἴ,
1150 2251 1206 2332 ἐγὼ
1230 2247 1258 2311 δ’
1286 2249 1341 2313 oda

168 2363 226 2441 εἰμι
252 2365 396 2437 Οἰδίπους
421 2369 498 2427 ait.'’
522 2368 693 2428 Praeterea
712 2384 768 2442 pro
789 2368 1017 2428 confirmet
1036 2367 1145 2427 nescio
1165 2383 1206 2426 an
1226 2367 1339 2426 affir-

168 2482 252 2539 met
281 2481 325 2540 sit
355 2480 537 2555 legendum.
567 2481 647 2556 Quid
671 2483 758 2541 enim
782 2482 935 2542 usitatius
960 2497 1057 2554 quam
1081 2481 1145 2540 ista
1167 2480 1339 2539 verborum

168 2594 351 2669 negandi
375 2596 407 2653 et
431 2595 681 2654 affirmandi
704 2596 788 2655 inter
811 2612 846 2654 se
870 2595 1051 2670 oppositio?

212 2860 314 2919 Actus
337 2859 352 2917 Ι
375 2875 492 2919 scenae
516 2862 534 2920 3
558 2862 638 2920 haec
660 2860 880 2935 praemittitur
903 2860 1101 2919 observatio:
1130 2860 1210 2933 „Hic
1232 2860 1340 2919 brevis

169 2975 201 3032 et
224 2975 348 3033 comica
370 2975 556 3035 deliberatio
580 2979 630 3036 est
652 2991 772 3048 magna
796 2975 1037 3048 exspectatione
1056 2975 1210 3048 populum
1229 2989 1338 3033 rerum

169 3088 410 3147 imminentium
441 3092 653 3164 commotum,
685 3092 776 3149 metu
804 3091 836 3149 et
860 3105 936 3148 cura
960 3089 1140 3147 aestuantis
1162 3087 1244 3146 Davi
1268 3103 1338 3146 con·

169 3201 362 3260 sideratione
392 3203 587 3276 proposita.’'
618 3203 665 3261 Ne
696 3203 768 3274 quis
798 3203 879 3262 haec
901 3203 1050 3275 corrupta
1073 3217 1144 3260 esse
1168 3202 1268 3275 putet,
1294 3201 1340 3259 ita

169 3315 353 3388 accipienda
379 3331 495 3374 moneo
522 3315 620 3374 verba
646 3317 758 3374 metu
791 3349 831 3358 -
863 3315 1101 3388 proposita:
1130 3330 1204 3373 oum
1232 3315 1339 3388 populi

169 3429 269 3487 oculis
291 3429 455 3502 proposita
478 3429 523 3487 sit
546 3429 758 3488 consideratio
783 3429 812 3498 (i.
828 3445 853 3488 e.
879 3428 1076 3496 deliberatio)
1096 3427 1178 3486 Davi
1197 3429 1288 3486 metu
1309 3432 1341 3486 et

170 3556 245 3600 cura
268 3541 457 3600 aestuantis

212 3802 236 3876 Ι,
262 3803 291 3876 4,
318 3804 347 3862 5.
373 3801 474 3876 Quia
497 3801 738 3875 compotrix
761 3801 854 3860 eius
878 3804 963 3870 est]
993 3801 1046 3875 „in
1069 3801 1162 3860 vultu
1185 3800 1343 3859 remansit

171 3915 303 3974 oratio.”
332 3915 467 3989 Egregia
491 3914 665 3988 annotatio,
691 3929 772 3987 quae
797 3915 890 3973 docet
913 3914 1081 3988 Mysidem,
1106 3914 1181 3972 licet
1204 3913 1340 3971 verbum

172 4042 233 4087 non
264 4028 369 4103 addat,
402 4030 513 4088 tamen
542 4028 635 4087 vultu
664 4029 822 4102 gestuque
845 4027 1026 4102 significare
1049 4028 1141 4101 plura
1164 4042 1199 4085 se
1223 4026 1340 4085 habere

172 4156 252 4214 quae
276 4142 370 4202 dicat.

215 4406 238 4480 I,
265 4407 294 4480 5,
319 4407 345 4464 1.
367 4405 526 4464 Hocine
550 4406 632 4474 est]
657 4406 737 4480 „hoo
757 4407 807 4464 est
819 4405 953 4476 dilatare
967 4403 1154 4477 orationem,
1169 4415 1209 4460 ne
1223 4401 1343 4461 diceret

174 4520 254 4593 quod
285 4520 393 4581 fecit.'’
426 4520 593 4582 Sententia
624 4519 737 4580 scholii
769 4519 961 4579 obscurioris
992 4518 1072 4576 haec
1102 4529 1174 4576 esse
1198 4515 1344 4576 videtur:
