3230 5260
726 632 787 692 105

167 820 291 880 aiunt
321 821 360 879 de
391 836 429 880 ea
460 836 494 880 re
525 819 674 894 usurpari
704 818 781 878 dicit
812 834 894 892 quae
925 818 1035 878 odiosa
1061 819 1205 892 loquenti
1229 818 1273 877 sit
1291 818 1344 877 vel

167 951 247 995 vera
277 952 343 996 non
374 951 446 996 esse
477 935 635 1010 videatur,
668 935 696 993 si
727 933 962 1008 gerundivo
995 933 1114 1006 aliquid
1138 933 1220 1006 quod
1245 932 1343 992 inevi-

167 1049 268 1108 tabile
292 1048 337 1109 sit
358 1049 502 1124 indicari,
528 1049 556 1108 si
580 1049 654 1108 eho
678 1049 787 1108 arcani
811 1047 931 1121 aliquid
954 1047 1098 1122 rogantis
1119 1062 1199 1122 esse,
1221 1049 1344 1108 nonde

166 1165 238 1222 arte
259 1164 475 1238 grammatica
494 1163 736 1223 observationes
756 1162 869 1222 scribit
883 1161 992 1236 pusilli
1005 1163 1106 1222 animi
1117 1162 1344 1237 ludimagistro

166 1277 294 1352 dignas,
326 1277 382 1336 sed
413 1277 474 1336 hoc
504 1277 613 1337 docet:
646 1292 720 1336 cum
752 1277 859 1336 certus
886 1276 931 1335 sit
954 1275 1166 1336 Terentianae
1190 1276 1345 1337 orationis

167 1390 265 1465 color,
302 1392 427 1451 certum
458 1391 520 1450 sibi
550 1390 606 1450 illa
636 1391 780 1465 postulat
810 1391 921 1450 actum
952 1392 1138 1463 certamque
1161 1391 1344 1464 pronuntia·

166 1504 310 1564 tionem:
335 1504 379 1563 ibi
402 1507 512 1565 autem
535 1505 588 1564 vel
611 1504 750 1564 maximi
773 1505 852 1563 sunt
873 1504 1033 1563 momenti
1056 1505 1167 1563 brevia
1187 1506 1346 1577 quaedam

167 1620 344 1680 vocabula:
373 1621 425 1680 his
448 1622 535 1680 recte
554 1620 771 1694 pronuntiatis
791 1621 899 1679 cetera
918 1621 1032 1694 sponte
1051 1620 1239 1692 sequuntur.
1264 1620 1346 1693 Ergo

166 1749 331 1807 quemque
353 1733 461 1793 locum
485 1749 504 1792 1
526 1734 668 1808 perfecto
688 1734 827 1806 quodam
847 1731 970 1792 artifice
990 1733 1042 1806 agi
1061 1731 1171 1806 fingit:
1193 1732 1231 1791 de
1251 1735 1346 1806 gestu

167 1849 239 1908 eius
272 1850 305 1908 et
334 1863 413 1908 voce
443 1849 569 1908 tamdiu
600 1849 721 1922 cogitat
752 1848 853 1907 donec
883 1847 993 1906 audire
1017 1863 1093 1906 eum
1117 1849 1213 1920 atque
1236 1848 1346 1907 videre

166 1962 231 2022 sibi
254 1961 420 2034 videatur;
445 1962 535 2021 audit
558 1963 669 2021 autem
693 1962 790 2034 atque
813 1961 902 2020 videt
924 1961 1117 2034 praesertim
1142 1975 1216 2020 cum
1235 1962 1347 2021 brevia

167 2075 226 2134 illa
249 2075 407 2134 vocabula
428 2075 550 2134 mentis
574 2074 813 2149 contemplatur
835 2074 947 2134 oculis

213 2189 316 2248 Totus
336 2189 438 2248 estin
458 2190 528 2248 arte
548 2188 684 2248 scenica.
705 2188 848 2272 Autuno
860 2188 1016 2248 vocabulo
1032 2187 1346 2263 „pronuntiandum”

167 2302 379 2362 adscribendo
410 2300 572 2376 significat
601 2303 687 2362 huno
710 2302 825 2392 locum
855 2300 989 2362 artificis
1013 2301 1132 2362 scenici
1155 2301 1217 2364 sibi
1240 2303 1346 2375 postu-

167 2416 237 2476 lare
268 2432 417 2490 operam:
449 2418 648 2492 singularem
680 2419 768 2477 enim
799 2392 963 2492 quandam
993 2419 1100 2477 inesse
1127 2419 1345 2492 venustatem,

168 2545 252 2603 quae
276 2545 295 2588 a
318 2531 444 2604 legente
468 2531 633 2591 observari
656 2534 803 2607 nequeat,
829 2532 893 2591 nisi
916 2548 1012 2606 saepe
1032 2531 1348 2606 bonosspectaverit

169 2645 347 2704 histriones
363 2638 393 2714 ¹).
429 2647 497 2705 Aut
527 2646 686 2718 quomodo
718 2646 834 2720 aliquis
865 2661 980 2705 versus
1011 2646 1268 2720 pronuntiandus
1304 2646 1348 2704 sit

168 2759 273 2832 docet,
298 2760 356 2818 aut
378 2760 503 2819 certum
525 2761 720 2820 vocabulum
744 2749 821 2836 ἦθος
844 2760 962 2819 habere
982 2761 1152 2819 admonet:
1173 2759 1217 2817 ibi
1237 2761 1347 2818 autem

169 2873 218 2931 sic
241 2872 329 2946 loqui
352 2873 452 2933 solet:
480 2873 697 2948 „moraliter'’,
722 2875 809 2933 sive:
836 2889 975 2948 „magna
999 2875 1084 2933 inest
1108 2873 1309 2933 moralitas”

214 2988 306 3046 Nunc
334 2987 467 3046 demum
491 2988 651 3060 quomodo
673 2989 829 3062 legendus
852 2989 896 3047 sit
920 2988 1101 3047 Scholiasta
1123 2987 1346 3060 intelligimus

170 3103 205 3162 Si
235 3103 311 3176 quid
339 3101 378 3160 (11
402 3101 508 3174 aliquo
532 3102 687 3161 vocabulo
710 3103 871 3162 subtiliter
895 3119 970 3162 eum
994 3103 1164 3162 observare
1187 3101 1346 3176 videmus,

170 3234 236 3278 non
267 3233 340 3278 esse
370 3217 462 3277 nobis
490 3232 560 3276 rem
592 3234 666 3277 oum
690 3234 819 3278 moroso
843 3220 939 3290 atque
964 3218 1098 3276 obscuro
1122 3217 1347 3290 ludimagistro

170 3335 376 3408 reputemus;
398 3333 437 3392 ad
457 3333 598 3405 aliquem
619 3334 785 3406 egregium
805 3335 957 3408 actorem,
979 3348 1076 3405 quem
1089 3347 1185 3405 saepe
1198 3332 1348 3391 admirati

171 3461 296 3521 sumus,
333 3447 384 3505 cui
414 3461 511 3520 saepe
534 3447 725 3521 mansimus,
750 3447 867 3520 quique
890 3447 942 3504 his
966 3446 1112 3504 maxime
1136 3447 1180 3505 sit
1202 3445 1348 3519 partibus

171 3561 305 3622 idoneus
336 3562 503 3635 aptusque,
528 3563 674 3621 mentem
698 3563 936 3635 convertamus
961 3560 1015 3618 ille
1039 3560 1198 3633 quomodo
1223 3561 1283 3620 hoc
1305 3560 1349 3619 sit

171 3675 365 3735 vocabulum
396 3676 663 3748 pronuntiaturus
693 3691 905 3749 quaeramus;
938 3677 976 3735 de
1007 3691 1071 3749 qua
1100 3691 1134 3734 re
1165 3675 1219 3734 ubi
1247 3675 1349 3734 semel

173 3792 261 3850 certa
279 3790 372 3848 nobis
392 3789 520 3850 steterit
539 3791 710 3866 sententia,
732 3791 831 3850 simul
852 3806 928 3850 vera
946 3791 1112 3850 monuisse
1133 3790 1349 3849 Scholiastam

174 3905 397 3978 agnoscemus.

217 4021 342 4079 Paucas
384 4033 459 4092 ergo
501 4018 571 4077 eius
609 4019 648 4077 de
683 4019 944 4092 pronuntiatione
979 4018 1230 4093 observationes,
1266 4033 1348 4090 quae

174 4133 319 4193 maxime
342 4131 571 4192 memorabiles
594 4132 774 4207 videantur,
796 4149 837 4191 ex
856 4132 980 4206 ingenti
999 4132 1227 4206 protrahamus
1248 4133 1347 4205 copia.

218 4246 315 4306 Andr.
353 4246 427 4306 360.
459 4244 570 4305 Davus
601 4246 699 4304 simul
730 4245 937 4319 Pamphilum
961 4246 1077 4305 herum
1101 4260 1198 4303 suum
1222 4247 1254 4304 et
1279 4245 1348 4304 eius

179 4409 418 4417 ———-.-———-

202 4497 220 4554 ¹)
233 4497 296 4554 argo
310 4497 357 4541 hoc
372 4497 613 4555 „pronuntiandum”
628 4496 727 4554 Belglco
741 4498 779 4544 sic
792 4498 919 4554 vertetur:
936 4497 1009 4556 „daur
1024 4495 1060 4540 zlt
1073 4497 1137 4541 cotie
1151 4496 1198 4542 in.”
