3234 5254
282 826 428 902 prior.”
465 825 615 885 Scholion
648 826 820 885 mutilum:
855 826 931 900 quid
966 826 1054 886 enim
1089 828 1234 904 restabit,
1270 828 1299 886 si
1330 828 1450 887 laces-

283 941 418 1000 sisset
441 939 567 1000 aberit?

331 1055 380 1113 17.
420 1053 642 1128 ,....Verum
677 1053 815 1113 oratorie
850 1053 1027 1113 manifesta
1061 1055 1186 1114 solvere
1221 1070 1286 1114 non
1322 1057 1450 1130 curavit,

283 1169 344 1227 hoc
367 1169 418 1226 est
441 1167 566 1225 nullum
589 1166 758 1241 prologum
781 1167 926 1226 invenire
949 1167 1094 1241 potuisse
1117 1167 1315 1228 Terentium.
1339 1169 1379 1227 Et
1397 1170 1452 1228 hoc

283 1283 372 1342 enim
402 1282 617 1341 obiiciendum
646 1280 708 1339 fuit
732 1281 882 1341 omnibus
906 1281 938 1340 et
961 1281 1054 1340 novis
1078 1283 1111 1340 et
1134 1281 1298 1341 veteribus
1321 1282 1451 1356 poetis.”

283 1396 363 1455 Vide
393 1394 657 1454 Westerhovium
687 1394 805 1468 quiet
829 1394 973 1463 (alterius
997 1396 1178 1455 sententiae
1200 1395 1343 1469 primum
1365 1411 1452 1454 voca·

283 1510 406 1578 bulum)
431 1508 563 1568 delendo
586 1507 694 1567 lucem
717 1522 735 1566 e
757 1507 900 1566 tenebris
924 1508 1089 1568 excitavit.

333 1623 382 1682 19.
421 1622 524 1696 „Nam
557 1623 672 1694 poetae
702 1621 793 1695 probi
823 1636 900 1680 suas
923 1622 1107 1681 vendebant
1130 1622 1289 1682 fabulae.’'
1313 1623 1453 1682 Nimium

285 1737 337 1796 hic
360 1736 469 1810 populi
491 1735 644 1795 tribuitur
667 1735 792 1795 iudicio.
817 1735 878 1794 Pro
902 1735 1022 1808 probi
1045 1735 1171 1809 legatur
1194 1737 1372 1810 probati.

331 1851 382 1909 28.
417 1849 471 1924 ,Si
502 1865 521 1908 a
547 1850 731 1909 formula
754 1851 842 1908 esset
864 1864 984 1908 nomen
1008 1850 1201 1925 comoediae,
1226 1851 1367 1924 primam
1389 1866 1454 1924 pro·

285 1965 477 2024 duceremus
507 1964 676 2038 syllabam,
709 1963 738 2022 si
769 1979 788 2022 a
811 1963 1062 2022 Phormione
1090 1963 1248 2036 corripere
1272 1963 1454 2023 debemus'’

285 2078 349 2137 Ain
385 2094 476 2138 vero:
513 2094 532 2137 a
566 2078 759 2137 Phormione
795 2077 959 2137 derivatur
993 2077 1155 2136 Phormio.
1191 2077 1252 2136 Pro
1287 2092 1307 2136 a
1340 2079 1454 2137 Phor·

286 2194 423 2252 mione
446 2194 516 2267 lege
540 2208 560 2252 a
582 2193 774 2266 phormio
799 2191 948 2274 (φορμίῳ).
973 2192 1054 2251 Vide
1078 2207 1183 2266 praec.
1209 2192 1314 2251 Schol.

331 2421 355 2495 I,
383 2420 411 2494 2,
440 2421 489 2479 11.
521 2419 599 2479 Ubi
629 2419 726 2492 quid
760 2420 864 2478 mihi
887 2420 997 2480 lucri
1021 2421 1087 2480 est
1109 2422 1149 2479 te
1172 2420 1363 2490 fallere?]
1391 2421 1456 2494 ,Ab

286 2534 359 2592 utili
379 2534 570 2594 coniectura.
591 2533 632 2592 Et
650 2531 731 2593 bene
750 2535 825 2606 quia
844 2548 958 2593 servus
978 2534 1059 2592 nihil
1078 2534 1265 2593 dehoneste
1278 2533 1457 2593 dicit.''Pro

288 2650 333 2708 de
356 2649 536 2708 honesto
559 2649 629 2722 lege
650 2649 696 2708 ab
716 2649 913 2708 honesto:
934 2663 1049 2707 servus
1068 2648 1295 2709 tantummodo
1315 2649 1353 2708 de
1373 2649 1458 2708 lucro

286 2763 319 2822 et
341 2763 483 2822 utilitate
506 2762 664 2823 sollicitus
687 2762 813 2821 nullum
837 2764 1066 2836 argumentum
1090 2763 1129 2822 ab
1152 2763 1289 2822 honesto
1312 2763 1413 2821 sumit
1427 2755 1457 2831 ¹).

334 2876 711 2937 18.Ad:modonon
735 2879 901 2936 montes
925 2877 1456 2950 auripollicensannotatur:
1518 2956 1522 2963 Ι
1599 2891 1600 2902 ’

288 2991 518 3066 „proverbialis
551 2988 700 3068 ὑπερβολή
735 2991 821 3049 facta
851 3006 907 3063 per
939 2990 1172 3065 exceptionem,
1198 2992 1254 3049 aut
1275 3005 1332 3062 per
1354 3005 1457 3064 super-

214 3139 219 3146 ·
285 3104 450 3180 lationem,
476 3106 533 3164 aut
555 3120 611 3179 per
635 3119 773 3178 aequam
796 3104 1034 3163 collationem.''
1057 3105 1197 3164 sirecte
1217 3105 1297 3162 haec
1317 3103 1457 3177 intelligo

286 3218 349 3276 tria
372 3218 425 3277 hic
447 3233 566 3292 genera
588 3215 755 3295 ὑπερβολῆς
780 3219 1021 3278 enumerantur.

331 3333 383 3391 37.
416 3331 496 3390 Nos
528 3332 659 3391 otiosi
683 3347 851 3405 operam
875 3331 1077 3390 dabamus
1100 3333 1353 3401 Phaedriae]
1386 3333 1458 3406 ,aut

286 3445 326 3504 ad
349 3445 504 3519 pudorem
527 3445 668 3505 sumitur
688 3446 747 3505 hoc
767 3461 944 3519 pronomen
963 3446 997 3504 in
1017 3446 1172 3519 singulari
1192 3461 1327 3505 numero
1347 3443 1458 3504 autad

286 3558 511 3632 dignitatem.’'
536 3560 641 3618 Immo
663 3574 739 3619 vero
763 3559 805 3617 in
827 3558 988 3634 plurali
1007 3574 1196 3618 numero:
1218 3559 1365 3631 quinos
1385 3556 1458 3615 dicit

285 3688 341 3746 pro
366 3687 439 3747 ego
463 3674 520 3732 aut
542 3674 723 3733 verecunde
746 3673 888 3746 loquitur
911 3674 968 3732 aut
991 3688 1066 3732 curn
1089 3675 1229 3746 quadam
1253 3671 1421 3746 gravitate.

331 3789 372 3846 45
397 3802 465 3860 sqq.
535 3787 627 3846 Modo
652 3787 814 3859 quandam
837 3788 904 3845 vidi
927 3787 1088 3861 virginem
1111 3787 1164 3846 hic
1182 3786 1321 3846 viciniae
1429 3805 1433 3812 ·

537 3900 699 3975 Miseram,
725 3915 820 3959 suam
843 3902 984 3959 matrem
1007 3901 1180 3960 lamentari
1200 3901 1374 3961 mortuam.

538 4013 584 4072 Ea
607 4013 671 4072 sita
695 4015 764 4072 erat
788 4014 1015 4073 exadvorsum.

288 4127 399 4202 ,Sita
421 4127 528 4200 posita
553 4126 647 4185 ...nt
670 4126 730 4186 hoc
754 4127 783 4185 ei
806 4127 1006 4208 reciprocum
1030 4129 1112 4187 est.”
1138 4126 1205 4203 Oui,
1227 4142 1356 4203 quaeso,
1377 4125 1458 4185 sita

285 4241 335 4298 est
362 4239 562 4314 reciprocum
590 4241 622 4298 et
649 4239 724 4312 quid
752 4240 813 4299 sibi
837 4241 889 4298 hic
913 4241 999 4298 istud
1022 4241 1093 4300 vult
1117 4240 1335 4300 vocabulum?
1359 4241 1455 4313 Lege:

314 4491 328 4541 ¹)
343 4489 379 4533 De
394 4491 441 4533 hoc
454 4490 648 4544 praepositionis
662 4491 696 4534 ab
712 4501 760 4534 usu
775 4490 803 4534 cf.
818 4501 873 4544 pag.
889 4492 935 4534 195.
