3254 5274
710 679 749 742 19

543 897 653 957 Actus
676 897 707 954 Π
732 897 839 956 Souna
865 898 893 955 1.

178 1085 249 1143 Iam
281 1085 426 1144 abiturus
457 1087 507 1144 est
537 1086 694 1144 Phaedria
723 1101 779 1159 per
802 1084 935 1143 biduum
968 1119 1007 1126 —
1033 1089 1305 1159 quemadmodum

134 1199 260 1272 rogavit
279 1199 377 1258 Thais
399 1233 437 1242 —
459 1215 609 1258 cessurus
628 1200 735 1258 militi.
756 1199 903 1272 Dumque
923 1201 990 1258 stat
1005 1200 1039 1258 111
1051 1200 1163 1260 limine
1176 1203 1305 1262 aedium

134 1327 268 1370 suarum
288 1313 405 1378 anxius
425 1313 655 1389 sollicitusque,
676 1314 913 1373 Parmenonem
933 1314 1086 1373 admonet
1106 1313 1159 1374 det
1175 1331 1306 1390 operam

133 1428 169 1485 ut
193 1427 233 1485 ad
257 1427 413 1486 Thaidem
437 1428 634 1487 deducantur
657 1428 830 1487 Eunuchus
854 1429 887 1486 et
910 1428 1027 1487 ancilla
1049 1429 1150 1504 nigra,
1175 1445 1255 1502 quos
1276 1431 1305 1489 ei

133 1541 335 1612 promiserat.
361 1541 504 1614 Tamque
528 1542 636 1601 crebro
661 1542 796 1600 eandem
819 1557 889 1600 rem
914 1542 1120 1601 commendat
1142 1559 1245 1618 servo,
1270 1546 1307 1602 ut

134 1653 186 1711 iile
212 1655 251 1712 ad
276 1656 461 1714 extremum
485 1655 587 1714 iratus
610 1656 737 1729 roganti
760 1656 837 1714 11610
862 1659 921 1724 (vs.
947 1656 1038 1725 208):

456 1769 547 1828 Satin
570 1770 631 1829 1100
654 1770 880 1829 mandatumst
906 1769 988 1829 tibi?

133 1883 341 1957 respondeat:

560 1998 620 2073 Ah,
646 1999 784 2072 rogitare
808 1999 900 2071 quasi
924 1998 1050 2058 difficile
1074 1999 1127 2058 sit.

267 2111 402 2170 Utinam
425 2113 495 2169 tam
519 2111 639 2184 aliquid
662 2112 806 2170 invenire
830 2111 924 2170 110116
946 2089 1061 2186 possis,
1086 2111 1252 2186 Phaedria,

268 2223 371 2298 Quam
394 2225 454 2284 hoc
477 2225 602 2298 peribit.

135 2337 331 2397 Parmenoni
356 2339 443 2397 enim
468 2339 530 2414 qui,
554 2341 589 2397 ut
608 2339 760 2414 vidimus,
783 2339 939 2398 Thaidem
959 2339 1145 2415 contemnit,
1161 2339 1304 2414 despicit,

135 2451 201 2510 odit
226 2451 276 2520 (cf.
303 2453 378 2511 11116
402 2452 512 2512 omnia
535 2468 583 2512 vs
611 2453 691 2511 123:
715 2452 787 2527 ,hic
807 2468 931 2526 quoque
950 2453 1069 2512 bonam
1088 2468 1306 2526 magnamque

135 2566 263 2638 partem
284 2564 324 2623 ad
343 2567 376 2624 16
393 2566 535 2641 attulit”,
552 2581 696 2640 quaeque
710 2567 748 2625 de
761 2566 816 2625 illo
829 2582 926 2625 versu
938 2566 1185 2626 observavimus
1196 2583 1226 2641 p.
1244 2567 1304 2641 11),

136 2678 288 2752 quidquid
323 2678 436 2738 Thaidi
471 2680 569 2739 herus
601 2681 656 2740 dat
686 2681 818 2754 perdere
849 2680 903 2739 ille
934 2679 1070 2739 videtur.
1096 2680 1177 2740 Cum
1200 2680 1306 2754 lepida

135 2808 209 2866 ergo
246 2796 280 2853 et
310 2791 444 2852 ridicula
475 2793 649 2853 acerbitate
680 2809 754 2868 pro:
790 2794 850 2869 ,ad
880 2794 1036 2853 Thaidem
1067 2793 1154 2852 istud
1185 2794 1305 2852 donum

134 2907 323 2979 perveniet’'
356 2907 448 2966 dicit:
477 2908 557 2982 ,hoc
579 2907 727 2982 peribit.'’
753 2906 798 2967 Of.
823 2908 927 2967 Plaut.
953 2908 1044 2967 Truc.
1070 2907 1110 2983 II,
1137 2909 1165 2982 7,
1194 2908 1251 2967 16:

269 3021 476 3080 meretricem
506 3037 564 3095 ego
596 3021 643 3081 ita
673 3037 745 3080 esse
776 3037 848 3080 reor
874 3037 965 3080 mare
989 3023 1025 3080 ut
1049 3023 1116 3080 est:
1142 3021 1225 3093 quod
1248 3021 1305 3079 des

225 3134 358 3194 devorat
381 3151 440 3194 1160
463 3150 607 3208 unquam
637 3131 646 3224 Ι1
674 3134 835 3194 Abundat.

137 3249 169 3306 61
200 3247 273 3307 Tac.
304 3247 390 3310 Hist.
423 3249 446 3324 l,
480 3250 522 3308 30
551 3250 599 3318 [de
631 3249 784 3319 Othonel:
819 3249 969 3324 ,perdere
993 3248 1055 3306 iste
1076 3248 1166 3324 sciet,
1188 3249 1305 3308 donare

136 3361 290 3421 nesciet.'’

179 3475 352 3536 Praeterea
389 3477 449 3536 hoc
479 3478 650 3536 verissime
682 3478 816 3537 annotat
848 3476 1044 3536 Scholiasta:
1079 3476 1307 3552 „Phaedria

137 3585 251 3666 ἠθικῶς
286 3590 509 3665 interiectum;
545 3594 657 3652 monet
691 3591 779 3650 enim
810 3585 924 3650 servus
954 3590 986 3649 id
1017 3591 1100 3664 quod
1131 3590 1306 3649 Phaedriae

138 3703 398 3778 inexspectatum
421 3686 493 3765 esse
515 3706 639 3780 putet.'’

121 3803 124 3807 ’
180 3817 344 3878 Flebiliter
367 3819 464 3878 herus
488 3819 676 3894 respondet:

336 3933 401 4007 Ego
425 3948 550 4007 quoque
573 3948 638 3991 una
661 3947 756 4006 pereo
780 3932 863 4004 quod
886 3932 1001 3991 mihist
1025 3933 1140 3991 carius.

337 4043 384 4104 Ne
408 4047 493 4105 istuc
515 4047 585 4104 tam
609 4046 717 4119 iniquo
741 4045 865 4119 patiare
889 4045 1008 4104 animo.

141 4156 220 4218 Tum
248 4174 380 4219 servus:
408 4160 562 4235 ,minime
587 4160 641 4232 qui
664 4159 817 4217 effectum
840 4159 937 4217 dabo:
962 4159 1018 4218 sed
1041 4158 1197 4231 numquid
1221 4157 1307 4216 aliud

142 4272 325 4346 imperas?''
342 4275 403 4333 Pro
424 4274 493 4347 qui
512 4274 717 4332 effectum
737 4272 1014 4345 Bentlejusquin
1033 4272 1210 4346 factum,
1225 4286 1306 4343 quae

142 4383 232 4446 lectio
266 4387 353 4446 haud
388 4388 481 4446 dubie
512 4388 656 4461 praestat
687 4386 848 4461 vulgatae,
878 4402 976 4459 quam
999 4384 1177 4458 intelligere
1201 4385 1308 4457 potest

144 4514 244 4560 nemo.
269 4502 319 4560 Ad
343 4503 442 4562 verba
465 4502 536 4560 sed
560 4501 760 4573 numquid
784 4500 898 4559 aliud
922 4501 1107 4574 imperas
1128 4498 1308 4556 Scholiasta
