3230 5260
724 667 784 726 121

159 861 233 920 Non
257 862 346 920 enim
366 862 540 920 admodum
559 858 769 919 temerariam
789 857 856 915 dixi
876 856 1083 930 sententiam,
1106 871 1250 928 quaeque
1269 855 1338 914 veri

160 977 272 1035 careat
295 976 410 1049 specie.
435 974 504 1035 Hoc
527 972 681 1033 audacius
704 971 806 1032 videri
829 970 932 1044 possit
952 969 1035 1042 quod
1054 983 1140 1028 nunc
1158 967 1337 1043 proloquar.

159 1088 319 1164 Quamvis
342 1087 470 1148 iniirmo
494 1089 637 1147 nitamur
657 1085 867 1145 fundamento
888 1084 1007 1159 critico,
1029 1085 1142 1142 tamen
1160 1098 1225 1142 non
1245 1081 1339 1141 debet

157 1205 327 1277 quiescere
347 1206 443 1277 atque
465 1217 592 1262 cessare
609 1200 800 1260 emendandi
813 1199 912 1258 labor.
925 1198 1143 1272 Permagnam
1155 1196 1209 1257 1116
1221 1197 1338 1256 habere

157 1319 269 1391 potest
303 1317 498 1388 utilitatem;
532 1315 748 1388 quoniamque
779 1329 843 1372 non
873 1313 980 1371 solum
1007 1312 1124 1370 Donati
1147 1327 1256 1386 manu,
1282 1311 1338 1369 sed

157 1431 300 1491 fortasse
324 1431 425 1490 etiam
449 1429 675 1489 commentarii
698 1426 838 1486 editione
862 1442 904 1485 ex
927 1426 1007 1484 artis
1028 1426 1157 1484 criticae
1177 1425 1338 1499 preceptis

158 1546 349 1619 comparata
376 1544 558 1622 carebimus
581 1557 719 1616 semper,
745 1540 938 1600 coniecturis
962 1540 1120 1598 utendum
1144 1541 1203 1598 est.
1228 1539 1338 1612 Neque

157 1657 234 1716 illae
258 1671 373 1717 omnes
396 1658 466 1716 tam
489 1657 567 1715 sunt
589 1656 731 1714 incertae
754 1669 852 1727 quam
876 1653 957 1727 quis,
980 1653 1099 1711 auditis
1123 1652 1237 1711 multis
1256 1653 1337 1712 mul·

157 1775 270 1832 torum
312 1773 350 1831 de
384 1770 588 1830 fundamenti
623 1770 726 1829 critici
760 1770 887 1828 defectu
922 1767 1142 1843 querimoniis
1180 1768 1339 1841 suspicari

157 1885 273 1960 possit.
306 1886 378 1960 lpse
409 1885 665 1960 WesterhoviuS,
698 1899 795 1957 quem
819 1883 969 1943 omnibus
992 1883 1098 1941 modis
1122 1884 1339 1943 condemnant

157 1999 461 2074 reprehenduntque
491 1999 546 2073 qui
578 1999 616 2057 de
643 1998 775 2058 scholiis
799 1997 1002 2056 Terentianis
1026 1997 1158 2056 edendis
1182 1997 1335 2072 scribunt,

157 2113 339 2188 permultas
364 2113 577 2173 correctiones
601 2113 772 2187 palmares,
799 2115 855 2171 aut
879 2111 917 2170 ab
941 2111 1021 2187 ipso,
1047 2112 1104 2170 aut
1127 2110 1337 2185 aWielingio

157 2227 296 2300 aliisque
308 2227 458 2286 inventas
471 2226 564 2286 nobis
576 2226 716 2301 tradidit,
731 2241 812 2299 quae
825 2226 902 2299 quin
914 2226 1046 2284 omnino
1059 2226 1125 2284 sint
1137 2224 1338 2299 recipiendae

158 2340 295 2400 dubium
314 2357 379 2400 non
399 2342 458 2401 est.
479 2340 628 2415 Exempli
648 2356 746 2400 causa
758 2356 859 2400 unam
872 2341 1072 2413 alteramque
1084 2340 1137 2398 hio
1149 2354 1336 2413 proponam.

204 2454 304 2514 Andr.
340 2455 364 2530 I,
401 2456 430 2530 5,
469 2457 498 2514 6.
534 2454 724 2528 Pamphilus
759 2453 941 2514 Chremetis
971 2453 1073 2513 filiam
1104 2453 1166 2512 sihi
1197 2469 1216 2512 a
1246 2455 1337 2526 patre

156 2584 297 2628 uxorem
320 2569 516 2628 destinatam
542 2569 666 2628 audivit
689 2570 859 2643 ipsumque
883 2567 1089 2628 Chremetem
1109 2568 1184 2626 huic
1204 2565 1336 2626 consilio

158 2697 341 2742 assensum.
373 2683 483 2755 Neque
506 2682 659 2756 intelligit
682 2682 792 2742 omnia
814 2683 895 2742 haec
918 2698 937 2741 1
960 2682 1092 2740 senibus
1114 2680 1200 2740 ficta.
1224 2680 1335 2739 Excla-

157 2797 230 2856 mat
254 2811 329 2870 ergo
353 2797 386 2855 et
410 2796 474 2854 alia
497 2797 529 2854 et
552 2797 648 2855 haec:

249 2909 330 2984 Quid
354 2908 518 2985 Chremes
545 2911 599 2984 qui
622 2911 798 2984 denegarat
821 2926 856 2970 se
881 2911 1134 2970 commissurum
1158 2910 1239 2968 mihi

249 3024 390 3084 Gnatam
414 3040 509 3084 suam
533 3039 679 3099 uxorem,
705 3025 737 3083 id
760 3025 918 3084 mutavit!

157 3139 208 3198 Ad
231 3138 368 3197 verbum
392 3138 718 3197 commissurum
742 3141 934 3198 annotatum
957 3138 1113 3212 legimus:
1141 3138 1337 3212 ,Putaverat

157 3253 289 3326 nuptias
313 3253 346 3312 et
369 3250 576 3311 Chremetem
599 3224 727 3311 mutare
752 3252 955 3312 consilium.’'
977 3252 1066 3327 Quod
1086 3267 1184 3312 sensu
1206 3266 1336 3310 cassum

158 3381 230 3425 esse
253 3364 500 3424 Westerhovius
524 3365 613 3440 vidit,
639 3366 772 3439 ideoque
796 3367 932 3426 coniecit
951 3367 1181 3440 putaverat
1201 3381 1334 3440 veras

157 3494 256 3552 quam
291 3480 510 3540 coniecturam
541 3481 689 3541 Klotzius
723 3481 857 3555 perfecit
892 3482 1013 3540 edendo
1043 3483 1165 3554 putat
1201 3496 1334 3540 veras

158 3593 241 3651 Illud
272 3595 383 3652 autem
414 3609 538 3655 veras
570 3599 658 3664 (nam
689 3597 799 3655 utrum
830 3597 1060 3670 putaverat
1083 3611 1125 3654 an
1148 3597 1271 3668 putat
1294 3595 1335 3653 le·

158 3721 275 3781 gamus
298 3722 414 3780 parum
438 3707 583 3779 interest)
605 3709 676 3781 quis
695 3710 766 3768 tam
785 3724 956 3783 perversus
977 3711 1083 3769 estut
1102 3708 1236 3783 probare
1255 3708 1337 3767 nolit

159 3820 312 3892 quoniam
336 3820 369 3878 in
392 3821 560 3880 nullodum
583 3821 754 3881 inventum
778 3823 822 3881 sit
845 3822 976 3882 codice?

202 3932 280 3992 Eun.
316 3933 353 4009 V,
391 3935 420 4009 3,
458 3938 487 3995 6.
524 3935 669 4011 Pythiae,
703 3935 834 3996 Thaidis
865 3936 991 4012 ancilla,
1025 3937 1334 4010 appropinquantem

158 4045 247 4106 videt
278 4046 484 4107 Chremetem
513 4065 587 4108 cum
611 4050 752 4109 nutrice:
778 4051 917 4124 suspicio
942 4051 1029 4108 enim
1054 4051 1131 4109 nata
1155 4051 1224 4108 erat
1247 4049 1335 4108 illius

159 4158 340 4221 Chremetis
352 4177 424 4220 esse
437 4177 581 4222 sororem
593 4164 734 4237 puellam
748 4163 838 4223 illam
848 4180 867 4222 a
879 4162 999 4223 Thaide
1013 4165 1162 4223 eductam
1170 4181 1177 4236 ;
1191 4164 1334 4222 nondum

158 4274 269 4332 tamen
294 4277 382 4334 certa
405 4291 457 4334 res
481 4278 560 4351 erat,
586 4278 784 4336 ostendenda
808 4278 908 4336 etiam
930 4311 958 4318 --
984 4278 1031 4337 ita
1053 4279 1090 4337 ut
1112 4275 1202 4336 111-
1217 4278 1334 4337 nutrici

158 4389 249 4446 erant
268 4385 303 4444 τὰ
319 4385 393 4462 πρὸς
405 4386 456 4446 τὸν
470 4385 705 4466 ἀναγνωρισμόν.
719 4391 801 4464 Ergo
814 4390 950 4449 vixdum
963 4392 1114 4450 iuvenem
1128 4406 1203 4450 cum
1216 4391 1334 4451 comite

158 4501 410 4579 suarconspexit
432 4503 577 4579 Pythias,
603 4519 677 4563 cum
701 4519 777 4564 eum
800 4505 993 4579 interrogat:
