3230 5260
827 683 889 740 110

268 868 392 927 Laudat
427 867 479 927 1110
513 868 583 928 eius
617 869 820 944 vigilantiam
851 871 1119 944 prudentiamque
1146 871 1288 945 Antipho
1320 871 1441 931 duobus

268 982 392 1041 verbis:
420 981 495 1058 ,Em
520 981 634 1043 Geta.''
658 982 741 1042 Tum
764 999 879 1043 servus
902 985 949 1044 sic
972 985 1092 1060 pergit:

880 1099 942 1158 Hic
965 1100 1220 1173 pulcherrimum

335 1210 473 1270 Facinus
496 1211 621 1271 audivi:
646 1212 754 1285 itaque
777 1228 879 1287 paene
902 1213 1009 1272 hercle
1032 1213 1216 1273 exclamavi
1238 1214 1363 1288 gaudie.

268 1324 406 1383 Brevem
430 1325 482 1384 hic
506 1325 705 1385 scholiastae
724 1325 882 1385 habemus
902 1327 1164 1386 annotationem:
1188 1327 1442 1403 ,Pulcherri-

268 1453 375 1497 mum
407 1438 576 1498 facinus
608 1440 768 1498 audivi:
801 1440 987 1500 huiusmodi
1017 1440 1105 1500 locos
1136 1442 1250 1515 poetae
1281 1442 1443 1502 actoribus

268 1552 443 1627 indulgent,
468 1554 552 1626 quod
576 1554 609 1612 in
631 1554 682 1612 his
706 1554 824 1613 actoris
848 1556 899 1614 est
922 1554 1193 1614 commendatio.''

312 1667 424 1726 Nonne
447 1667 592 1740 legentes
615 1668 788 1727 admonere
811 1669 939 1728 videtur
962 1669 999 1727 ut
1018 1667 1102 1727 hanc
1120 1671 1247 1743 partem
1266 1670 1329 1744 ipsi
1349 1685 1442 1745 agere

269 1782 447 1840 conentur?

313 1895 357 1954 ib.
383 1896 457 1955 358.
478 1895 563 1954 Dum
582 1895 741 1971 Demipho
761 1912 863 1956 senex
883 1913 957 1956 cum
978 1897 1144 1958 advocatis
1164 1898 1273 1956 adstat
1285 1913 1442 1971 quaerens

267 2010 426 2082 quomodo
451 2009 583 2083 nuptiae
606 2010 680 2069 illae
704 2025 723 2070 a
746 2010 940 2071 Phormione
964 2011 1121 2071 conflatae
1145 2011 1284 2070 rescindi
1306 2011 1441 2086 possint,

267 2123 320 2182 hic
352 2123 422 2197 ipse
456 2139 530 2183 curn
565 2124 647 2184 Geta
680 2126 902 2185 sermocinans
936 2126 1071 2198 incedit;
1105 2127 1191 2185 clara
1222 2127 1334 2185 autem
1365 2141 1443 2185 voce

267 2235 408 2309 loquitur
438 2238 475 2297 ut
506 2253 525 2297 a
548 2253 625 2297 sene
649 2239 751 2299 audiri
774 2239 886 2315 possit,
912 2241 1025 2312 estque
1048 2255 1156 2298 sermo
1180 2239 1249 2298 eius
1272 2241 1442 2312 tamquam

267 2351 418 2409 mirantis
449 2353 482 2410 01
512 2351 710 2425 indignantis
741 2352 779 2410 ob
811 2353 842 2412 id
866 2354 949 2426 quod
972 2353 1068 2412 modo
1092 2369 1111 2412 a
1134 2352 1216 2412 Geta
1239 2355 1442 2428 cognoverit:

267 2480 384 2538 negare
416 2480 529 2524 senem
561 2468 733 2540 cognatam
764 2467 826 2526 sibi
857 2481 929 2526 esse
960 2467 1129 2542 virginem,
1162 2482 1260 2540 quam
1284 2469 1443 2528 ducerea

267 2578 425 2638 iudicibus
455 2579 597 2654 Antipho
627 2579 714 2639 filius
745 2581 814 2640 eius
846 2583 896 2640 001
927 2583 1066 2657 coactus
1094 2582 1147 2640 vel
1170 2583 1285 2640 notum
1307 2581 1443 2655 virginis

266 2695 402 2765 patrem.
425 2693 506 2752 Sunt
526 2696 636 2753 autem
656 2694 755 2753 verba
775 2695 844 2753 eius
864 2694 1063 2768 lepidissime
1082 2692 1159 2753 ficta
1180 2695 1212 2753 et
1224 2693 1288 2754 alia
1301 2696 1334 2753 01
1345 2695 1442 2753 haec:

400 2806 480 2881 Quia
504 2824 602 2882 egens
625 2809 738 2867 relicta
762 2810 812 2868 est
835 2809 964 2883 misera,
990 2809 1156 2882 ignoratur
1179 2823 1306 2883 parens,

399 2921 580 2994 Negligitur
602 2922 689 2995 ipsa:
714 2921 787 2981 vide
811 2923 949 2981 avaritia
972 2922 1047 2995 quid
1070 2922 1172 2982 iacit?

266 3035 437 3108 Adscripta
471 3035 523 3094 hic
557 3037 608 3095 est
642 3036 808 3094 annotatio
844 3035 1076 3109 cognatissima
1109 3035 1287 3094 narrationi
1322 3034 1369 3094 illi
1405 3037 1442 3095 de

266 3147 416 3207 Ambivio
430 3149 533 3207 ebrio:
558 3149 672 3223 ,vide
696 3149 885 3208 avaritia
908 3149 1005 3222 quid
1028 3149 1152 3208 facit:
1173 3149 1442 3208 haecconversus

266 3261 306 3319 ad
330 3261 486 3321 circulum
510 3265 543 3322 et
567 3278 718 3322 coronam
743 3263 1026 3322 circumstantium
1050 3263 1127 3322 dicit
1151 3264 1183 3322 et
1204 3263 1442 3335 conqueritur.”

309 3375 366 3434 Ph.
392 3377 466 3436 935.
488 3377 525 3435 In
545 3379 690 3451 tempore
710 3378 860 3451 cognovit
879 3393 949 3436 rem
969 3377 1130 3451 Phormi0,
1152 3391 1215 3449 qua
1234 3374 1442 3436 Chremetem

266 3494 411 3548 coercere
434 3490 546 3566 possit,
571 3491 599 3549 si
623 3491 676 3549 ille
700 3489 733 3549 in
757 3491 930 3564 repetenda
952 3490 1096 3565 pecunia,
1118 3504 1217 3562 quam
1237 3489 1443 3548 astutissima

264 3602 376 3661 fraude
411 3603 440 3662 01
476 3603 605 3680 abrasit,
642 3605 739 3664 fuerit
773 3604 956 3663 molestior:
990 3603 1105 3662 certior
1136 3603 1223 3662 enim
1254 3603 1360 3662 factus
1393 3605 1443 3663 est

265 3716 367 3790 illum,
400 3717 478 3775 dum
509 3717 646 3777 Athenis
677 3732 814 3777 uxorem
844 3717 987 3792 haberet,
1020 3732 1062 3775 ex
1093 3717 1195 3775 011010
1221 3731 1323 3776 uxore
1347 3717 1443 3777 Lesbi

264 3845 450 3904 procreasse
484 3829 595 3890 filiam.
632 3831 807 3890 Minitando
843 3846 917 3904 ergo
952 3846 988 3889 se
1022 3830 1100 3889 illud
1135 3830 1175 3888 ad
1206 3828 1442 3890 Atheniensem

264 3960 401 4004 uxorem
439 3945 623 4004 delaturum
660 3945 789 4018 quidvis
826 3960 862 4004 se
900 3944 939 4005 ab
971 3961 1008 4004 eo
1040 3945 1290 4020 impetraturum
1321 3946 1440 4018 sperat.

263 4058 390 4132 Vixque
414 4058 494 4118 haec
516 4058 631 4117 verba:

731 4171 814 4247 Quin
836 4174 873 4232 tu
895 4171 943 4230 mi
967 4173 1139 4246 argentum
1163 4173 1239 4232 cedo

265 4268 388 4344 audivit
412 4301 486 4344 cum
510 4285 698 4359 respondet:

398 4400 503 4459 Immo
526 4415 603 4459 vero
628 4415 764 4458 uxorem
787 4400 823 4458 tu
847 4400 934 4458 cede.

264 4513 353 4572 Haec
384 4514 542 4585 quomodo
573 4513 606 4572 in
638 4529 735 4572 scena
761 4513 881 4572 fuerint
905 4514 977 4572 acta
1000 4513 1233 4588 ignoraremus,
1259 4513 1322 4570 nisi
1345 4514 1439 4572 habe-
