3230 5260
833 625 894 683 102

277 811 388 870 lectori
420 813 586 889 revocabo,
619 814 732 873 deinde
764 815 945 874 cuiusmodi
976 831 1017 873 ex
1048 830 1087 874 ea
1116 814 1234 873 vitium
1265 815 1380 873 natum
1406 813 1446 872 s't

278 927 453 1000 explicabo.
485 927 635 987 Vidimus
662 929 788 1003 egregie
812 930 905 989 illurn
927 929 1070 989 Terentii
1092 929 1297 1002 vigilantiam
1320 928 1446 987 laudare

277 1041 310 1098 et
337 1041 595 1117 prudentissime
626 1043 766 1102 indicare
797 1044 885 1102 locos
915 1042 970 1102 ubi
992 1043 1139 1102 maxime
1170 1058 1209 1101 ea
1239 1043 1373 1102 eluceat.
1404 1041 1446 1100 De

277 1151 433 1226 Chryside
466 1155 637 1214 meretrice
672 1156 803 1229 eiusque
838 1173 947 1216 sorore
982 1157 1134 1231 adoptiva
1164 1155 1311 1229 Glycerio
1341 1155 1446 1214 hamat

278 1248 374 1328 Simo
397 1284 507 1344 senex,
540 1269 597 1328 sed
627 1270 674 1328 ita
703 1272 740 1329 ut
770 1271 870 1330 simul
900 1287 956 1330 eas
987 1273 1143 1344 quantum
1171 1271 1279 1344 potest
1302 1269 1447 1328 defendat

277 1382 486 1456 sublevetque
507 1385 539 1442 et
556 1384 790 1458 turpitudinem
811 1400 923 1444 earum
943 1385 1079 1444 minuat.
1094 1385 1154 1444 Illa
1166 1385 1253 1443 enim
1267 1383 1446 1457 Glycerium

276 1495 364 1555 iusta
393 1495 449 1558 fiet
481 1499 622 1558 Simonis
653 1497 711 1557 filii
741 1513 832 1573 uxor,
865 1514 946 1572 quae
973 1514 1025 1557 res
1049 1514 1089 1557 ne
1112 1499 1211 1557 nimis
1235 1498 1382 1557 videatur
1404 1498 1444 1556 in-

277 1611 437 1670 credibilis
460 1613 695 1686 spectatoribus
719 1613 752 1671 in
775 1614 921 1686 tempore
941 1614 992 1671 est
1012 1612 1201 1672 cavendum.
1222 1611 1356 1672 Castam
1376 1627 1445 1685 ergo

277 1723 377 1782 etiam
416 1725 449 1783 in
484 1724 650 1798 Chrysidis
685 1727 816 1785 aedibus
851 1727 1013 1786 mansisse
1048 1726 1242 1802 Glycerium,
1279 1729 1312 1786 et
1346 1725 1445 1800 ipsam

277 1835 468 1911 Chrysidem
511 1839 626 1898 ceteris
669 1855 710 1899 ex
752 1840 806 1898 illo
842 1841 979 1912 quaestu
1012 1825 1203 1899 mulieribus
1237 1841 1443 1915 praestitisse,

277 1953 435 2024 quantum
458 1954 566 2027 potest
589 1954 805 2013 demonstrari
829 1954 932 2013 debet.
957 1953 1046 2014 Haec
1070 1955 1180 2013 omnia
1199 1955 1446 2028 prudentissime

277 2047 462 2126 observavit
505 2068 693 2143 Scholiasta,
730 2068 786 2127 sed
821 2069 984 2128 interdum
1020 2068 1052 2126 in
1087 2069 1229 2128 Terentii
1264 2069 1448 2128 oeconomia

276 2180 489 2252 praedicanda
519 2183 653 2242 modurn
685 2183 821 2242 excedit.
854 2182 988 2256 Saepius
1020 2183 1107 2241 enim
1137 2182 1303 2258 vocabula,
1336 2182 1448 2254 quibus

276 2292 393 2365 aliquis
427 2295 537 2371 utitur,
570 2295 617 2355 ita
648 2296 878 2369 interpretatur
908 2297 945 2354 ut
974 2296 1009 2355 in
1039 2295 1079 2354 iis
1110 2292 1257 2354 ὑπόνοιαν
1289 2296 1448 2368 quandam

276 2408 412 2478 quaerat
442 2408 480 2467 de
512 2424 574 2481 qua
605 2409 774 2468 Terentius
805 2425 845 2469 ne
877 2411 1027 2483 cogitarit
1056 2409 1196 2484 quidem.
1228 2411 1288 2486 Ita,
1321 2412 1358 2469 ut
1387 2426 1448 2469 uno

277 2521 425 2595 exemplo
457 2522 620 2598 defimgar,
653 2539 717 2582 non
747 2524 841 2583 facile
865 2525 1005 2583 adducar
1027 2525 1065 2583 ut
1088 2523 1217 2583 credam
1239 2539 1356 2583 verum
1380 2539 1449 2583 esse

276 2636 359 2708 quod
391 2635 430 2693 ad
461 2635 540 2695 Eun.
572 2651 620 2696 vs.
650 2637 713 2696 592
738 2652 785 2710 sq.
810 2639 955 2696 annotat.
980 2635 1123 2696 Chaerea
1145 2637 1190 2695 ibi
1213 2638 1318 2696 amico
1341 2639 1450 2696 narrat

278 2750 352 2823 quid
384 2750 467 2823 apud
498 2750 654 2810 Thaidem
684 2751 808 2810 iactum
835 2752 887 2826 sit,
913 2753 953 2811 ad
977 2767 1075 2825 quam
1098 2768 1154 2826 pro
1177 2752 1331 2812 Eunucho
1354 2753 1450 2811 fuerit

278 2864 444 2923 adductus.
466 2862 637 2924 Custodiae
656 2865 700 2924 ibi
720 2865 789 2924 eius
810 2866 992 2926 concredita
1010 2866 1072 2924 fuit
1090 2866 1206 2942 puella,
1221 2881 1319 2940 quam
1332 2866 1448 2940 deperi·

276 2978 342 3038 bat.
370 2978 537 3055 ,Dumque
561 2978 682 3038 etiam'’
707 2978 762 3054 ait,
788 2979 826 3037 de
849 2979 979 3038 fortuna
1001 2980 1084 3040 mihi
1107 2979 1215 3039 oblata
1239 2980 1360 3053 cogito:

678 3093 853 3152 arcessitur
875 3093 1023 3153 lavatum
1046 3095 1170 3153 interea
1194 3095 1302 3168 virgo:

364 3208 415 3284 Iit,
440 3208 530 3284 lavit,
555 3207 666 3267 rediit:
691 3207 804 3268 deinde
829 3223 902 3266 earn
925 3208 959 3266 in
981 3208 1103 3268 lectum
1126 3208 1201 3267 illae
1221 3206 1427 3267 collocarunt.

276 3322 336 3381 His
360 3337 485 3395 quoque
507 3321 674 3381 vocabulis
694 3323 915 3395 spectatorum
936 3321 1062 3381 animos
1083 3321 1269 3381 adfuturas
1289 3321 1449 3382 Chaereae

275 3439 371 3510 atque
402 3437 489 3496 illius
519 3436 645 3511 puellae
676 3437 806 3510 nuptias
830 3436 1013 3510 praeparari
1038 3438 1148 3495 censet
1172 3417 1363 3497 Scholiasta.
1388 3438 1448 3496 An-

274 3553 367 3611 notat
398 3552 502 3610 enim:
530 3551 699 3625 ,Servavit
730 3551 875 3610 ordinem
906 3551 1093 3624 nuptiarum
1125 3552 1157 3609 et
1187 3551 1314 3626 proprio
1341 3529 1447 3626 verb0,

274 3667 367 3740 quasi
397 3667 436 3725 de
467 3667 607 3740 nuptura
633 3665 732 3725 dixit:
758 3666 1008 3740 arcessitur,
1029 3668 1067 3726 ut
1090 3666 1182 3725 alibi:
1209 3667 1334 3741 Quam
1357 3684 1449 3727 mox

272 3781 486 3855 virginem
525 3781 773 3839 arcessant?
811 3781 902 3839 Nunc
918 3773 938 3850 ¹)
978 3781 1046 3854 ipse
1077 3780 1168 3840 illam
1200 3783 1250 3840 est
1280 3781 1449 3842 habiturus

272 3897 441 3956 uxorem.”
463 3896 519 3955 Et:
551 3894 726 3970 ,Deinde
752 3911 839 3954 eam
863 3895 904 3953 in
927 3895 1040 3954 lecto
1064 3896 1351 3956 collocarunt:
1376 3897 1448 3956 vide

272 4025 313 4069 an
345 4009 465 4083 aliquid
493 4009 584 4068 deest
614 4009 660 4067 ita
683 4009 839 4082 legitimis
862 4009 993 4082 nuptiis.
1018 4009 1102 4068 Nam
1126 4011 1159 4069 et
1182 4010 1290 4084 ipsum
1313 4012 1448 4072 verbum

272 4125 542 4185 collocarunt
572 4124 737 4198 proprium
768 4125 819 4182 est
851 4126 883 4183 et
907 4124 1099 4183 adscribitur
1122 4124 1306 4199 pronubis.’'
1331 4125 1447 4199 ,Theo-

271 4241 413 4316 logicas'’
446 4239 604 4300 eiusmodi
636 4239 868 4313 explicationes
900 4239 1060 4313 appellare
1091 4240 1216 4299 solebat
1238 4239 1447 4316 praestantis-

298 4487 314 4543 1)
330 4484 355 4527 L.
369 4484 449 4532 Nam.
