3230 5260
836 640 898 698 134

261 830 383 908 x„Gurrr
417 831 520 906 possit
553 828 665 903 paucis
699 828 806 887 verbis
837 825 1018 901 significare
1049 827 1238 902 Pamphilus
1261 828 1336 902 quid
1359 831 1450 903 pater

279 945 400 1020 fecerit,
425 943 530 1003 multa
554 941 716 1002 consumit
739 940 947 1000 lamentando
968 941 1006 1000 de
1030 941 1116 1000 illius
1140 942 1359 1002 crudelitate.'’

289 1027 292 1034 ¹
325 1058 378 1118 25.
447 1056 508 1116 Tot
526 1071 580 1114 me
599 1054 780 1129 impediunt
800 1068 894 1113 curae
914 1069 996 1127 quae
1015 1070 1127 1114 meum
1143 1055 1290 1114 animum
1303 1055 1449 1115 divorsae

780 1241 786 1258 .
1243 1169 1404 1239 [trahunt:

446 1284 556 1358 Amor,
581 1283 802 1342 misericordia
825 1282 930 1356 huius,
956 1283 1143 1356 nuptiarum
1166 1282 1356 1342 sollicitudo.

280 1401 330 1460 Ad
364 1414 477 1458 amor
511 1398 700 1456 annotatur:
739 1411 778 1471 „a
808 1396 1022 1471 necessario,”
1054 1396 1123 1471 hoc,
1149 1397 1185 1455 ut
1208 1396 1328 1470 opinor,
1353 1411 1450 1455 sensu

280 1516 317 1573 ut
348 1512 468 1572 amoris
498 1513 549 1570 vis
576 1512 698 1571 invicta
721 1513 817 1584 atque
840 1511 1037 1570 inevitabilis
1061 1511 1194 1570 dicatur.
1218 1511 1269 1571 Ad
1291 1512 1449 1570 miseri-

281 1625 440 1686 cordia:
462 1622 539 1703 »ἀπὸ
558 1633 610 1684 τοῦ
631 1618 755 1700 αἰσίου,”
777 1624 861 1683 unde
883 1624 1047 1683 saninihil
1060 1624 1218 1698 extundo;
1232 1625 1450 1698 nequemulto

280 1741 445 1815 praestare
483 1739 611 1798 videtur
645 1739 747 1798 altera
780 1739 875 1798 lectio
904 1735 969 1797 ἀπὸ
1003 1745 1055 1797 τοῦ
1091 1733 1183 1797 ὁσίου.
1218 1739 1307 1798 Haec
1340 1741 1451 1800 tamen

281 1856 443 1926 utcunque
474 1852 611 1926 intelligi
634 1853 757 1926 potest;
782 1853 836 1912 sic
852 1853 935 1912 sere:
963 1852 1044 1928 „Sed
1068 1854 1100 1912 et
1123 1852 1344 1913 misericordia
1366 1854 1451 1913 haud

281 1967 496 2041 spernendam
538 1967 606 2026 vim
649 1967 754 2042 habet,
797 1966 957 2039 siquidem
998 1981 1057 2024 nos
1096 1967 1227 2040 pietatis
1262 1967 1451 2040 constringit

280 2081 451 2140 vinculis.''

327 2196 379 2256 34.
416 2193 709 2264 Constitutae]
748 2194 838 2269 „Non
873 2194 962 2254 addit
993 2210 1011 2254 a
1042 2197 1178 2271 patre,
1203 2197 1260 2256 sed
1283 2195 1449 2269 invidiose,

282 2309 375 2383 quasi
405 2311 438 2368 et
468 2325 487 2369 a
518 2307 686 2382 Pamphilo
710 2308 776 2367 sint
799 2309 1004 2368 constitutae.
1028 2310 1080 2369 An
1103 2309 1200 2368 timet
1221 2311 1255 2368 in
1278 2309 1406 2383 negotio
1414 2309 1450 2367 ?”

281 2422 364 2482 Illud
388 2423 458 2482 sed
482 2423 595 2482 abesse
618 2421 749 2480 malim:
775 2422 897 2481 etenim
920 2437 985 2482 non
1008 2422 1151 2483 addendo
1175 2439 1195 2482 a
1217 2425 1336 2498 patre
1359 2422 1451 2481 Pam-

281 2536 406 2612 philum
426 2551 551 2609 quoque
571 2536 704 2595 obscure
724 2537 855 2594 accusat
874 2512 984 2609 Mysis.
1005 2536 1130 2595 Ultima
1149 2536 1214 2596 ista
1235 2552 1296 2610 „an
1312 2537 1407 2595 timet
1419 2535 1452 2594 in

282 2650 454 2726 negotio?”
479 2649 555 2723 quid
578 2649 640 2708 sibi
662 2648 764 2708 velint
787 2664 851 2709 non
873 2649 976 2709 video

326 2766 367 2825 33
393 2780 440 2837 sq.
465 2763 599 2837 Mysidis
625 2763 724 2823 verba
750 2764 790 2822 ad
816 2763 1023 2837 Pamphilum
1046 2764 1126 2824 haec
1148 2766 1242 2824 sunt:
1268 2765 1452 2838 Glycerium

370 2879 508 2938 Laborat
532 2893 549 2936 e
572 2877 689 2951 dolore,
715 2878 811 2950 atque
835 2893 876 2936 ex
899 2877 960 2937 hoc
982 2878 1103 2938 misera
1126 2877 1265 2938 sollicita
1288 2879 1338 2937 est
1360 2878 1411 2937 die

370 2992 450 3067 Quia
480 2991 558 3050 olim
585 2991 619 3049 in
642 2991 728 3049 hunc
750 2993 827 3050 sunt
851 2991 1046 3051 constitutae
1069 2983 1209 3066 nuptiae.
1235 2990 1318 3051 Tum
1342 2994 1452 3052 autem

1217 3105 1289 3175 [hoc
1311 3106 1407 3165 timet

368 3219 415 3278 Ne
438 3219 568 3279 deseras
592 3233 637 3278 se.

323 3333 430 3392 Hasce
452 3332 505 3391 hic
527 3332 686 3392 habemus
709 3333 952 3393 annotationes:

231 3463 284 3496 mv
309 3414 400 3549 ffiic
430 3446 597 3520 nuptiis
628 3446 770 3505 dictus
802 3448 867 3505 est
898 3407 1306 3536 dieshumautem]
1334 3447 1452 3521 „Tum

127 3523 169 3562 ’λ
279 3561 454 3635 praeterea.
488 3558 631 3618 Tertiam
662 3559 779 3619 habere
807 3559 1057 3620 sollicitudinem
1082 3559 1276 3635 Glycerium,
1301 3576 1341 3618 ne
1364 3561 1450 3619 dese-

277 3675 369 3734 ratur
391 3689 411 3732 a
433 3673 633 3746 Pamphil0.”

323 3787 525 3847 Sollicita
549 3786 631 3856 est]
660 3786 866 3861 „Sollicitudo
890 3803 999 3846 rerum
1022 3788 1219 3848 incertarum
1243 3789 1348 3862 magis
1368 3790 1450 3848 est.”

322 3901 432 3976 Quod
456 3901 497 3959 in
521 3901 628 3959 hunc
651 3899 778 3970 diem]
803 3900 884 3974 „Hic
904 3901 1020 3960 certior
1039 3903 1148 3960 metus
1169 3903 1220 3960 est
1239 3903 1271 3960 et
1291 3902 1450 3975 gravior.'’

322 4015 407 4090 Quas
436 4015 646 4074 vehementer
670 4014 820 4074 confusas
842 4015 1109 4089 perturbatasque
1133 4029 1205 4074 esse
1229 4029 1353 4074 censeo.
1378 4015 1451 4088 Ipse

277 4129 474 4191 scholiorum
497 4130 608 4188 auctor
631 4129 691 4188 hoc
715 4129 907 4203 praesertim
927 4128 1179 4190 docerevoluit:
1200 4127 1451 4188 sollicitudinem

276 4258 348 4302 esse
372 4258 482 4303 rerum
505 4242 712 4316 incertarum,
736 4242 890 4303 timorem
914 4242 1084 4301 certarum.

320 4356 461 4416 35-40.
494 4355 756 4430 indignabundus
787 4355 977 4428 Pamphilus
1005 4355 1138 4429 Mysidis
1169 4355 1387 4429 suspicionem
1411 4355 1449 4414 de

275 4485 335 4534 sua
360 4469 516 4537 adversus
540 4469 724 4548 Glycerium
747 4466 879 4550 perfidia
903 4483 922 4528 a
945 4484 980 4528 se
1003 4468 1107 4533 reiicit
1131 4468 1358 4531 exclamando:
