3254 5274
866 667 908 727 86

298 855 416 928 servat,
436 869 453 913 e
466 855 614 916 vocativo
630 855 794 915 Gnatho
811 856 952 930 apparet,
967 869 1065 928 quem
1079 854 1188 915 adiicit
1199 854 1295 914 miles
1307 853 1384 928 quia
1396 870 1468 913 cum

299 965 418 1026 doloris
441 968 580 1040 quodam
603 969 745 1042 loquitur
768 984 876 1030 sensu.

344 1081 472 1140 Solatur
502 1082 669 1143 hominem
693 1083 819 1142 Gnatho
843 1082 993 1142 dicendo:
1021 1084 1073 1157 „te
1097 1083 1187 1142 amat
1209 1082 1286 1154 quia
1308 1082 1392 1141 dona
1415 1083 1471 1140 tua

298 1197 419 1255 amat.”
445 1196 527 1255 Tum
551 1197 673 1256 Thraso
698 1201 756 1267 (vs,
781 1198 874 1266 lan:

409 1310 596 1370 Benedixti:
621 1326 659 1370 ac
674 1304 694 1380 ¹)
718 1310 799 1370 mihi
824 1311 908 1370 istuc
930 1325 994 1368 non
1018 1309 1051 1368 in
1074 1311 1220 1368 mentem
1244 1310 1378 1368 venerat

298 1425 331 1482 et
355 1423 481 1485 Gnatho
506 1426 580 1494 (452
604 1429 681 1498 sq.):

497 1539 697 1599 Ridiculum:
722 1554 787 1598 non
811 1538 898 1597 enim
922 1538 1099 1611 cogitaras:
1125 1538 1269 1596 ceterum

430 1652 521 1711 Idem
544 1653 605 1711 hoo
628 1653 698 1712 tute
722 1651 840 1711 melius
864 1652 984 1724 quanto
1008 1651 1199 1723 invenisses,
1224 1650 1364 1708 Thraso!

298 1764 401 1838 Quam
432 1766 563 1825 ridicule
594 1766 694 1825 etiam
725 1765 930 1840 sagacissimi
958 1765 1107 1823 hominos
1138 1779 1244 1824 errare
1271 1764 1398 1838 possint
1430 1778 1470 1822 ex

296 1878 357 1937 hac
397 1878 534 1952 Bentleji
576 1879 709 1952 apparet
747 1879 971 1938 annotatione:
1010 1878 1058 1952 „si
1093 1878 1179 1937 idem
1214 1880 1273 1952 est,
1309 1878 1469 1951 quomodo

296 1993 437 2052 melius?
469 1993 570 2065 Lege:
603 1991 711 2050 idem
735 1991 810 2050 hoc
834 1993 905 2050 aut
927 1990 1082 2050 melius
1105 1993 1197 2050 tute
1222 1992 1470 2050 invenisses

297 2105 489 2165 Thraso.”
510 2105 606 2178 Fugit
625 2105 732 2163 virum
752 2105 1072 2178 praestantissimum
1093 2120 1166 2164 rara
1185 2105 1281 2164 huius
1297 2104 1359 2164 loci
1371 2120 1468 2164 venu-

296 2203 375 2278 stas,
396 2218 480 2278 Nam
492 2233 606 2278 verum
619 2218 749 2290 quidem
762 2220 813 2277 est
825 2218 961 2277 eandem
974 2233 1043 2277 rem
1055 2219 1173 2277 melius
1185 2219 1318 2293 peiusve
1331 2218 1469 2278 inveniri

295 2348 360 2391 non
390 2348 494 2408 posse,
527 2331 583 2390 sed
614 2332 647 2391 in
677 2332 738 2391 hoc
768 2332 837 2406 ipso
869 2347 1019 2392 summus
1050 2334 1101 2391 est
1131 2333 1207 2391 dicti
1238 2333 1335 2407 lepor,
1364 2348 1469 2406 neque

295 2448 422 2519 poterat
452 2437 588 2505 facetius
618 2445 746 2505 Gnatho
777 2445 902 2504 homini
932 2446 1033 2504 stulto
1060 2445 1183 2505 adulari
1206 2460 1305 2518 quam
1328 2446 1393 2504 sic:
1421 2446 1468 2520 „si

295 2561 329 2618 tu
356 2559 491 2618 eandem
515 2574 585 2618 rem
610 2560 754 2618 invenire
778 2559 929 2633 dignatus
953 2574 1052 2632 esses,
1078 2558 1197 2617 melius
1220 2559 1435 2618 invenisses.”

765 2796 1004 2808 μ*-

694 2967 804 3026 Acras
828 2967 875 3024 ΠΙ
899 2967 1007 3025 sonna
1032 2967 1061 3025 2.

338 3154 447 3213 Prodit
470 3155 577 3229 Thale,
603 3154 725 3213 salutat
747 3154 896 3229 militem,
918 3155 1106 3226 quistatim
1127 3169 1200 3213 eam
1220 3154 1373 3216 admonet
1393 3155 1466 3214 doni

294 3282 313 3325 a
337 3267 471 3327 sedati.
496 3268 557 3326 Hic
581 3269 740 3328 Panneno
765 3273 823 3338 (vs
849 3269 942 3338 itit:

749 3397 847 3454 quam
870 3385 1024 3442 venuste:
1050 3384 1133 3454 quod
1157 3383 1243 3442 dedit

596 3494 793 3567 Principium
817 3495 1008 3553 adveniens!

293 3607 421 3666 Gratias
444 3608 540 3666 militi
566 3608 633 3680 agit
656 3607 771 3681 Thais;
796 3609 867 3666 tum
892 3609 1042 3667 continuo
1066 3609 1245 3682 parasitus:

593 3721 714 3780 Eamus
738 3736 812 3794 ergo
837 3721 876 3779 ad
901 3736 1044 3781 coenam.

292 3834 332 3893 Et
355 3835 514 3894 Parmeno
537 3849 666 3893 secum:

888 3948 973 4007 Hem
997 3948 1153 4008 alterum:

592 4060 641 4119 Ex
664 4061 795 4120 homine
819 4061 904 4120 hunc
928 4064 1042 4121 natum
1067 4063 1178 4125 dicas?

292 4176 480 4236 Coniectum
511 4175 563 4234 hic
594 4177 661 4234 est:
696 4175 878 4250 „abdomini
909 4175 995 4234 hunc
1025 4178 1139 4235 natum
1171 4177 1291 4237 dicas.”
1322 4177 1350 4236 A
1377 4179 1464 4251 quo?

291 4290 340 4349 Ab
364 4291 511 4363 aliquone
534 4290 665 4348 nostrae
688 4289 805 4348 aetatis
828 4288 898 4347 viro
921 4289 1033 4348 insane
1058 4289 1174 4349 docto?
1197 4291 1303 4350 Immo
1327 4306 1347 4350 a
1369 4292 1462 4350 Bent-

321 4519 336 4572 ¹)
351 4519 390 4561 Sic
404 4518 495 4571 Fleck.;
510 4521 525 4561 l.
540 4521 579 4560 at.
