3230 5260
782 641 843 700 114

269 827 299 893 Ι.
333 830 569 890 Annotationes
603 829 754 891 rhetorici
789 830 925 904 generis,
961 831 1077 904 quibus
1111 831 1324 891 admonemur
1359 835 1398 892 ad

224 945 386 1018 quodnam
417 945 497 1004 artis
524 946 683 1005 oratoriae
707 947 803 1019 caput
826 960 941 1004 versus
965 946 1081 1018 aliquis
1104 947 1156 1006 vel
1180 945 1307 1019 aliquod
1330 963 1398 1006 ver-

223 1059 337 1117 borum
361 1061 527 1118 certamen
550 1060 593 1118 sit
616 1059 830 1118 referendum.
855 1059 974 1119 Audire
999 1060 1143 1134 cogimur
1167 1075 1327 1133 quaenam
1345 1060 1399 1119 hic

223 1172 415 1244 qualitas
440 1174 519 1243 (sive
544 1174 698 1242 status)
727 1174 954 1247 cognoscatur:
980 1173 1065 1232 sitne
1086 1172 1397 1248 comparativa,

223 1301 264 1344 an
298 1287 552 1362 negotialis,
586 1302 627 1345 an
658 1287 885 1358 remotiva3
919 1285 983 1345 illic
1015 1285 1172 1360 disputari
1196 1301 1215 1345 a
1238 1301 1399 1346 summo

222 1400 269 1458 ad
293 1399 435 1475 imum,
460 1397 575 1476 πλοκήν
599 1399 661 1458 dici
684 1400 744 1458 hoc
768 1399 1011 1458 demonstrandi
1034 1415 1145 1475 genus,
1171 1398 1296 1472 aliaque
1316 1399 1397 1459 eius·

221 1513 394 1589 demmodi,
431 1514 547 1587 quibus
582 1515 621 1573 ad
656 1513 844 1573 Terentium
875 1512 993 1572 melius
1025 1513 1270 1588 intelligendum
1300 1528 1397 1573 nemo

221 1626 396 1700 quidquam
419 1628 599 1687 adiuvatur.
625 1628 745 1686 Taedet
769 1627 919 1700 exempla
943 1627 1067 1686 afferre.
1093 1627 1179 1686 Satis
1204 1627 1268 1686 illis
1292 1627 1396 1687 obser-

221 1741 405 1801 vationibus
429 1743 581 1801 enecatur
605 1742 659 1815 qui
683 1740 955 1800 commentarium
979 1741 1067 1815 legit.

264 1854 315 1920 ΙΙ.
350 1856 460 1930 Nugas
495 1857 533 1916 de
568 1856 783 1929 grammatica
817 1855 921 1914 multo
953 1856 1053 1914 etiam
1088 1856 1262 1930 ineptiores
1297 1873 1395 1930 quarn

220 1969 293 2028 illae
324 1971 401 2029 sunt
432 1970 470 2028 de
501 1970 661 2029 rhetorica
692 1970 928 2028 annotationes
960 1969 1080 2028 Earum
1112 1971 1222 2028 autem
1247 1971 1394 2031 maxima

219 2098 294 2157 pars
326 2083 365 2142 ad
396 2083 552 2156 syntaxin
582 2084 738 2157 pertinet:
764 2083 940 2142 identidem
963 2082 1056 2142 nobis
1080 2083 1235 2156 obgannit
1258 2084 1394 2144 stridula

219 2196 397 2272 magistelli
415 2213 497 2256 vox:
519 2198 599 2257 haec
619 2200 669 2257 est
689 2197 848 2272 syllepsis,
871 2197 930 2256 hoc
942 2193 1099 2274 παρέλκον,
1112 2197 1172 2256 hoc
1184 2193 1394 2257 ἀνακόλουθον

218 2312 370 2386 primum,
402 2312 589 2386 secundum,
622 2311 765 2386 tertium,
798 2313 960 2384 quartum.
992 2310 1142 2370 Rariores
1165 2313 1242 2370 sunt
1266 2312 1304 2370 de
1327 2313 1393 2385 ety-

218 2425 360 2498 mologia
379 2426 630 2500 observationes
645 2425 775 2484 illarum
789 2441 864 2484 vero
877 2425 1036 2498 quaedam
1048 2425 1191 2483 hominis
1204 2408 1393 2484 insanabilis

219 2553 291 2598 esse
324 2539 484 2599 videntur.
521 2541 622 2614 Saepe
657 2540 709 2598 hic
738 2539 840 2598 Varro
871 2539 1058 2598 nominatur
1081 2554 1185 2612 neque
1209 2538 1393 2598 incredibile

218 2654 268 2711 661
291 2652 394 2712 multo
418 2653 576 2712 maiorem
599 2655 725 2726 partem
749 2669 791 2711 ex
814 2653 868 2711 illo
893 2667 965 2710 esse
985 2653 1184 2725 excerptam.
1205 2651 1300 2710 Brevi
1321 2667 1392 2711 con·

218 2768 330 2839 spectu
364 2767 445 2825 dabo
480 2781 610 2825 omnes:
647 2766 794 2840 cognitae
829 2765 916 2824 enim
952 2780 1024 2824 esse
1055 2765 1172 2824 debent
1203 2765 1242 2841 ei,
1275 2765 1329 2838 qui
1352 2766 1393 2824 de

217 2879 414 2953 quaestione,
440 2896 538 2953 quam
562 2895 647 2939 nunc
670 2881 859 2954 tractamus,
885 2879 1026 2937 iudicare
1049 2879 1146 2938 velit:

261 2993 359 3052 Andr.
384 2992 466 3051 Prol.
495 2994 533 3052 15
593 2994 843 3067 vituperant
867 2994 933 3052 est:
962 2992 1100 3066 ,vitium
1123 2993 1170 3051 rei
1193 2993 1340 3065 parant.''

304 3152 317 3180 ,
386 3106 409 3180 1,
438 3107 464 3180 1,
491 3109 510 3164 4
591 3122 675 3166 ars:
701 3123 720 3166 a
744 3107 864 3167 Graeco
888 3103 985 3184 ἀρετή.

307 3265 320 3293 ,
389 3219 412 3293 I,
441 3221 468 3294 1,
494 3221 536 3279 58
594 3221 822 3280 contradicitur
857 3220 897 3278 iis
932 3220 987 3292 qui
1021 3220 1145 3278 sodes
1177 3234 1248 3278 esse
1280 3217 1393 3279 dicunt

636 3341 711 3404 σῶος
736 3334 796 3416 ζῇς.

307 3492 320 3520 ,
389 3447 412 3520 1,
439 3447 468 3521 4,
495 3448 513 3504 2
593 3449 756 3506 temetum:
774 3447 850 3520 quic
868 3449 944 3505 terret
967 3449 1105 3505 mentem.
1128 3446 1216 3514 (Eun.
1235 3446 1287 3520 IV,
1302 3447 1331 3520 3,
1348 3447 1390 3505 13

637 3561 711 3632 quia
735 3562 840 3619 tentat
863 3561 883 3618 i.
909 3576 935 3619 e.
961 3559 1135 3618 labefactat
1158 3561 1324 3628 mentem).

306 3719 319 3747 „
388 3673 411 3748 i,
438 3675 466 3748 5,
493 3675 534 3733 64
581 3674 1388 3750 obstetrix:quaeopemtulerit(etiamill,l,15).

306 3833 319 3861 „
386 3787 442 3862 iil,
469 3789 542 3863 2,3
589 3789 655 3848 fac
689 3789 828 3847 istaec
862 3790 906 3846 ut
943 3788 1076 3846 lavet:
1114 3788 1224 3863 istaec,
1258 3803 1337 3860 quae
1371 3804 1389 3847 e

629 3903 796 3976 puerperio
820 3901 1000 3960 sordebant.

304 4062 317 4090 ,
385 4015 441 4090 ill,
468 4015 540 4090 2,7
589 4016 910 4090 superstitiosi:
944 4015 1018 4088 quia
1050 4030 1145 4074 senes
1178 4019 1324 4088 (quorum
1354 4015 1390 4075 id

628 4129 757 4199 vitium)
782 4128 895 4188 multis
920 4128 1112 4202 superstites
1135 4130 1221 4188 sunt.

303 4289 316 4317 ,
384 4243 441 4317 ΙΠ,
467 4243 496 4318 4,
525 4244 564 4302 18
589 4243 783 4303 irritare:
811 4258 835 4316 ⁴a
866 4242 1007 4316 canibus,
1041 4242 1095 4315 qui
1125 4242 1285 4302 restrictis
1312 4241 1388 4301 den-

633 4358 721 4417 tibus
744 4356 873 4416 literam
896 4356 924 4415 R
947 4356 1127 4416 imitantur.
1153 4339 1157 4349 ⁴

302 4517 315 4545 ,
388 4470 440 4544 IV,
467 4472 496 4545 3,
525 4472 562 4529 11
590 4472 815 4530 verbenae:
840 4471 933 4544 quasi
956 4470 1125 4530 herbenae.
