3234 5254
725 637 785 696 191

166 824 254 883 rela
277 825 316 882 ab
341 840 378 884 eo
402 825 455 898 qui
478 824 526 884 sio
549 824 812 884 ratiocinaretur:
840 840 1027 899 ,querorz
1053 830 1242 906 querela,
1264 847 1339 911 ergo

166 953 336 1009 quaero:
362 938 594 1012 quaerela.”

209 1055 261 1112 32.
309 1054 459 1112 Fortasse
482 1068 584 1112 unum
608 1053 735 1125 aliquod
758 1052 894 1110 verbum
918 1053 1002 1113 inter
1026 1071 1081 1114 eas
1105 1056 1188 1114 iram
1213 1057 1296 1116 hanc

1144 1171 1338 1240 [condiverit.

166 1281 268 1340 Sohol.
304 1297 386 1354 „qua
416 1281 579 1340 sententia
609 1282 715 1340 toturn
746 1281 798 1339 hic
822 1282 987 1342 sublatum
1012 1285 1062 1342 est
1086 1283 1169 1356 quod
1195 1283 1258 1343 ait:
1284 1285 1340 1344 sed

166 1411 320 1469 magnum
346 1395 453 1455 neseio
477 1396 552 1468 quid
575 1411 708 1455 necesse
732 1397 782 1455 est
806 1397 962 1472 evenisse,
988 1398 1156 1473 Parmeno,
1184 1399 1268 1457 unde
1293 1399 1340 1458 ira

165 1509 247 1568 inter
282 1525 337 1569 eas
371 1510 586 1569 intercessit.’'
618 1511 702 1584 Lege
725 1511 801 1569 hoo
824 1526 880 1584 pro
904 1511 987 1570 hio:
1016 1513 1119 1586 ,quod
1143 1511 1221 1570 olim
1246 1513 1337 1588 dixit,

165 1623 224 1682 hoo
247 1638 333 1682 nuno
352 1623 470 1683 tollit.”

208 1798 264 1872 III,
288 1799 316 1856 2.
340 1798 466 1872 ,Instat
485 1798 654 1857 Terentius
673 1799 792 1858 bonam
812 1815 942 1858 socrum
962 1800 1077 1874 faeere,
1093 1802 1130 1859 ut
1143 1801 1262 1860 bonam
1274 1817 1339 1860 me-

164 1910 314 1970 retricem
337 1911 466 1970 iaciat.”
491 1911 603 1970 Potest
622 1911 738 1984 aliquis
757 1913 905 1972 bonam
929 1914 1202 1973 meretricem
1223 1915 1338 1990 facere,

164 2024 239 2082 licet
272 2039 438 2096 nunquam
473 2026 569 2083 antea
599 2024 718 2083 bonam
742 2039 871 2084 socrum
894 2025 1016 2085 fecerit.
1042 2027 1127 2100 Lege
1151 2027 1259 2086 facit
1283 2044 1339 2102 pro

164 2138 297 2197 iaciat
321 2140 375 2208 (ut
397 2138 505 2198 facit
526 2157 572 2195 =
594 2140 870 2212 quemadmodum
893 2140 992 2209 facit).

208 2252 239 2310 4.
278 2251 376 2326 ,Vide
410 2253 684 2324 quemadmodum
714 2268 770 2327 per
801 2269 836 2312 se
860 2254 967 2328 ipsum
991 2255 1159 2330 Parmeno,
1186 2271 1243 2330 per
1266 2257 1338 2316 Par-

164 2379 337 2424 menonem
368 2367 515 2425 arceatur
546 2366 701 2440 Sostrata,
735 2381 816 2438 quae
846 2382 949 2440 neque
981 2368 1093 2427 deesse
1122 2370 1251 2442 propter
1275 2369 1338 2428 offi-

165 2477 260 2552 cium,
282 2493 385 2550 neque
404 2479 527 2552 ingredi
545 2481 675 2553 propter
694 2494 823 2538 socrum
843 2481 1036 2540 inducitur.”
1057 2481 1210 2540 Potestne
1226 2497 1337 2556 prop-

164 2591 229 2648 ter
259 2606 426 2650 socrum
456 2589 654 2664 significare:
685 2595 914 2667 propterea
945 2594 1050 2665 quod
1081 2609 1231 2653 socrus
1255 2597 1336 2670 est,

164 2718 206 2762 an
229 2703 289 2762 hoo
312 2719 368 2778 pro
392 2705 446 2764 illo
468 2705 666 2778 legendum?

210 2819 261 2878 24.
286 2820 421 2892 Atque
441 2819 507 2877 his
527 2834 654 2878 onera
673 2820 829 2889 adiuta]
854 2820 992 2894 ,locutio
1014 2821 1146 2893 antiqua
1166 2819 1336 2894 figurata.'’

164 2931 225 2990 Pro
268 2932 444 3005 antiqua
486 2932 600 2991 malim
635 2933 827 3005 antique:
865 2935 996 3006 antique
1031 2935 1227 2993 adiutare
1263 2950 1337 2994 curn

164 3045 349 3105 accusativo
373 3047 406 3103 et
429 3045 538 3104 dativo
562 3046 768 3104 construitur.

209 3207 265 3282 III,
291 3208 320 3281 3,
347 3207 398 3266 20.
424 3206 581 3265 Omnibus
605 3206 697 3265 nobis
721 3209 758 3265 ut
782 3222 834 3266 res
859 3209 937 3267 dant
961 3224 1042 3284 sese,
1058 3210 1103 3268 ita
1116 3212 1227 3284 magni
1240 3214 1337 3285 atque

165 3319 305 3380 humiles
329 3335 454 3378 sumus.

210 3433 300 3492 sch:
328 3433 429 3507 ,mire
453 3431 536 3491 dixit
559 3432 659 3491 dant
689 3449 793 3493 sese.
819 3435 981 3494 Homerus

344 3549 421 3616 τοῖος
444 3543 500 3624 γὰρ
524 3545 593 3616 νόος
617 3542 694 3604 ἐστὶν
718 3543 898 3624 ἐπιχθονίων
922 3545 1094 3626 ἀνθρώπων

345 3651 410 3718 οἷον
434 3651 474 3717 ἐπ’
501 3650 580 3736 ἦμαρ
605 3655 693 3741 ἄγῃσι
715 3659 811 3737 πατὴρ
835 3657 954 3738 ἀνδρῶν
978 3683 1007 3720 τε
1029 3666 1111 3722 θεῶν
1135 3684 1171 3722 τε.

167 3773 227 3832 Sed
259 3773 311 3832 hic
335 3787 428 3831 sese
452 3772 507 3832 illo
531 3775 563 3831 et
586 3773 725 3831 validius
749 3773 840 3848 dixit,
866 3776 899 3833 et
922 3776 972 3834 est
995 3776 1075 3835 haec
1097 3777 1244 3855 καθολική
1268 3795 1336 3838 sen·

165 3887 299 3945 tentia.”
325 3886 475 3944 Scholion
498 3888 555 3944 aut
579 3887 764 3959 corruptum
789 3889 845 3946 aut
868 3888 975 3962 inepte
1000 3891 1213 3950 enuntiatum.

212 4000 262 4058 22.
333 3998 357 4057 Ο
382 3999 429 4057 mi
452 3999 636 4073 Pamphile!
662 3999 775 4059 abste
799 4002 1009 4073 quamobrem
1033 4003 1112 4062 haec
1135 4003 1249 4063 abierit

1024 4120 1169 4186 [causam
1191 4117 1291 4177 vides,

167 4225 289 4284 schol:
325 4240 364 4299 ,a
394 4225 525 4284 nomine
557 4228 589 4284 et
620 4226 857 4286 blandimento:
881 4229 972 4304 mire,
999 4231 1073 4302 quia
1095 4233 1220 4289 secreta
1244 4230 1336 4291 confi-

166 4339 261 4398 tetur.
287 4338 456 4412 Virgilius:

322 4453 424 4527 Anna,
450 4452 573 4511 fatebor
598 4453 694 4527 enirn,
720 4454 831 4513 miseri
854 4457 927 4528 post
950 4455 1018 4514 fata
1042 4457 1176 4517 Siohaei.
