3234 5254
721 657 780 716 177

203 847 256 922 IV,
271 847 294 921 Ι,
312 848 361 906 13.
379 827 477 920 „Vide
489 847 684 920 magistrum
697 847 736 906 ad
745 847 933 922 nequitiam,
944 848 980 906 ut
988 847 1128 922 simplici
1137 847 1332 907 adolescenti

159 961 337 1020 mentiendi
368 961 456 1020 viam
488 963 696 1037 demonstret,
723 963 755 1020 et
779 962 952 1021 honestum
976 963 1081 1021 tentet
1106 961 1220 1021 afferre
1244 978 1333 1036 argu-

158 1077 309 1133 mentum
344 1075 383 1133 ad
415 1075 636 1133 mendacium:
669 1077 798 1148 propter
830 1075 991 1149 clientem,
1017 1075 1160 1134 amicum
1184 1077 1241 1134 aut
1264 1075 1334 1134 hos·

157 1189 261 1261 pitem
296 1189 329 1246 111
362 1188 440 1247 urbe
476 1203 602 1247 cessare
633 1188 775 1246 visum.'’
809 1188 869 1246 Pro
902 1203 1071 1247 cessare
1102 1188 1241 1246 visum
1264 1187 1334 1261 lege

158 1302 415 1359 cessavisse.
448 1301 517 1360 Hoc
548 1301 635 1360 enim
663 1301 869 1360 mendacium
893 1316 1007 1360 servus
1032 1301 1228 1360 adolescenti
1251 1316 1334 1360 com-

157 1414 309 1472 mendat:
335 1415 482 1487 „propter
503 1414 663 1488 clientem,
686 1414 838 1488 amicum,
860 1413 1022 1487 hospitam
1042 1414 1074 1472 in
1087 1414 1164 1472 urbe
1177 1414 1334 1473 cessavi.’'

205 1639 258 1712 IV,
281 1639 310 1713 2,
333 1639 384 1696 21.
409 1638 506 1711 „Mire
526 1637 695 1697 Terentius
716 1653 770 1697 eos
791 1638 887 1714 ipsos
910 1639 964 1712 qui
983 1638 1147 1712 falluntur,
1170 1622 1335 1709 exaliqua

157 1754 250 1825 parte
267 1753 379 1810 cautos
391 1751 477 1825 facit,
492 1753 576 1810 uteo
590 1751 811 1810 delectabilius
824 1752 1060 1825 spectatoribus
1074 1752 1247 1825 procedant
1261 1751 1334 1810 doli.

157 1865 244 1923 Nam
275 1879 356 1936 quae
387 1865 491 1937 gratia
521 1866 572 1923 est
603 1867 659 1923 aut
683 1865 852 1924 delectatio
876 1880 940 1924 non
964 1864 1198 1923 stultissimum
1222 1863 1335 1922 salli?’'

159 1977 300 2036 Omnino
331 1993 425 2053 non,
458 1978 541 2050 quod
569 1979 643 2036 ante
675 1977 989 2037 stultissimum
1012 1977 1138 2052 legitur,
1165 1977 1336 2036 delendum

158 2095 220 2167 est,
257 2093 294 2150 ut
328 2091 641 2151 stultissimum
677 2091 736 2149 sit:
772 2091 867 2165 plane
903 2093 935 2150 et
966 2091 1035 2150 sine
1058 2091 1125 2150 ulla
1149 2091 1336 2164 exceptione

158 2205 310 2264 stultum.

206 2319 258 2378 25.
294 2319 430 2393 „Laudo
463 2317 623 2393 Ctesipho,
656 2318 834 2392 patrissas”
866 2318 965 2376 verba
996 2318 1075 2377 haec
1098 2320 1175 2377 sunt
1197 2318 1337 2378 Demeae

158 2431 249 2490 senis
273 2430 360 2489 illius
384 2430 482 2489 nimis
506 2432 611 2490 severi
634 2431 796 2505 nimisque
821 2447 899 2490 suae
924 2431 985 2490 sibi
1008 2432 1186 2506 sapientiae
1207 2431 1336 2491 conscii.

158 2546 362 2604 annotatur:
398 2546 633 2618 patrissas]
673 2546 823 2620 „attende
860 2560 958 2617 quam
989 2545 1070 2604 bene
1101 2545 1271 2604 inventum
1295 2545 1339 2602 sit

158 2659 293 2718 inanem
324 2646 359 2717 se
387 2659 500 2718 dicere.
526 2659 637 2717 Nonne
661 2655 789 2718 videtur
812 2659 855 2717 ibi
880 2658 1105 2733 stultissimus,
1132 2674 1205 2716 cum
1229 2659 1336 2716 huius-

158 2772 250 2830 modi
273 2771 367 2831 laude
390 2787 454 2830 non
477 2773 573 2831 modo
596 2788 631 2832 se
655 2787 718 2832 non
742 2773 872 2832 laudare
892 2772 984 2848 velle,
1006 2773 1089 2846 quod
1109 2773 1255 2832 odiosum
1277 2774 1335 2846 est,

159 2885 219 2944 sed
238 2885 339 2944 etiarn
358 2883 462 2944 filiurn
480 2886 562 2959 apud
575 2886 792 2960 intelligentes
805 2887 988 2960 vituperare
1000 2885 1179 2944 videatur.’'
1193 2884 1336 2942 Emendo

159 2999 226 3057 sic:
263 2998 467 3058 iuventus
502 3000 560 3058 sit
595 3000 737 3058 inanis
772 3015 903 3059 senex
937 3015 993 3073 pro
1029 2981 1248 3058 inuentum
1280 2996 1338 3055 sit

160 3113 331 3172 inanem
354 3128 397 3172 se
421 3113 571 3172 dicere.
724 3189 729 3196 Ι

208 3226 261 3285 31.
288 3226 359 3285 Soio
383 3227 436 3285 ubi
461 3227 512 3302 sit,
539 3241 654 3285 verum
678 3227 771 3285 hodie
795 3241 961 3299 nunquam
985 3225 1182 3285 monstrabo.

206 3339 359 3399 Verum
391 3339 513 3397 hodie
545 3355 755 3413 uunquam
778 3339 1043 3409 monstrabo]
1072 3339 1203 3414 „volens
1227 3353 1339 3397 senem

162 3453 291 3514 avidius
314 3468 467 3526 quaerere
488 3454 571 3526 quod
590 3453 643 3512 hic
663 3454 756 3513 ardor
774 3469 904 3527 semper
918 3454 1151 3527 'paratissimus
1172 3454 1338 3513 credentes

162 3569 265 3627 etiam
288 3567 380 3642 fallit,
407 3567 435 3625 ei
456 3564 549 3639 fingit
569 3582 604 3625 se
624 3567 708 3625 nolle
729 3567 865 3626 dicere.’'
887 3566 1061 3640 Corrupta;
1082 3567 1255 3639 requiritur
1274 3567 1340 3625 fere

161 3680 416 3739 tardissime
444 3680 670 3739 credentes
693 3696 749 3754 pro
772 3681 1079 3754 paratissimus
1104 3681 1339 3740 credentes.

163 3794 247 3853 Sunt
271 3794 381 3851 autem
405 3792 657 3852 tardissime
682 3793 906 3852 credentes
930 3794 1114 3866 suspicaces
1137 3793 1286 3851 homines
1306 3793 1339 3850 et

164 3906 219 3979 qui
243 3920 308 3964 non
330 3905 424 3964 facile
448 3903 545 3964 fidem
569 3905 698 3965 habent.

211 4019 263 4077 32.
297 4021 347 4078 At
379 4034 526 4077 nomen
558 4019 701 4077 nescio
734 4019 857 4077 illius
881 4019 1083 4078 hominis:
1109 4021 1180 4078 sed
1203 4019 1340 4077 locum

164 4131 264 4190 novi
298 4131 367 4190 ubi
403 4131 506 4201 siet]
542 4135 656 4206 „recta
691 4133 765 4205 quia
788 4133 816 4191 si
839 4133 1006 4192 hominem
1030 4133 1158 4206 diceret,
1184 4146 1247 4190 non
1273 4131 1342 4188 erat

165 4245 339 4304 errandum
375 4245 485 4317 agnita
519 4260 656 4317 persona
687 4245 844 4304 hominis:
871 4247 903 4303 et
928 4245 980 4305 ubi
1003 4244 1128 4304 habitet
1152 4245 1287 4318 cognitu,
1313 4243 1341 4301 si

165 4361 263 4417 notus
291 4361 386 4432 esset,
412 4357 501 4416 nulla
524 4373 623 4417 causa
646 4358 850 4431 quaerendi.’'
876 4358 998 4417 Sanum
1022 4372 1155 4417 sensum
1179 4357 1254 4415 hinc
1277 4372 1341 4416 uon

166 4473 309 4531 extundo
333 4473 442 4543 itaque
463 4472 722 4530 emendationem
741 4487 882 4545 propono
902 4471 1001 4530 hanc:
1025 4472 1131 4544 „recte
1152 4471 1244 4544 siet,
1268 4471 1342 4542 quia

1236 4574 1262 4619 12
