3254 5274
690 1003 800 1062 Acros
824 1003 872 1061 ΙΙΙ
895 1003 1003 1062 Sonus
1026 1005 1056 1062 3.

325 1207 467 1267 Vixdum
510 1207 557 1266 illi
599 1209 676 1266 sunt
714 1207 847 1280 profecti
884 1221 959 1266 cum
995 1206 1149 1266 Chremes
1183 1207 1323 1282 advenit,
1359 1223 1454 1281 quem

280 1321 430 1379 iuvenem
459 1320 498 1378 ad
522 1335 557 1378 se
582 1319 796 1379 arcessiverat
819 1319 927 1395 Thais,
953 1322 990 1378 ut
1012 1320 1163 1395 puellam,
1188 1335 1287 1393 quam
1311 1335 1330 1380 a
1352 1321 1455 1380 11111119

281 1436 367 1494 99991
406 1435 585 1507 acceptura,
622 1433 652 1492 91
686 1433 836 1507 traderet,
874 1447 949 1492 cum
984 1433 1070 1492 illius
1105 1449 1180 1492 eum
1215 1433 1350 1493 fratrem
1385 1449 1455 1494 esse

279 1548 408 1621 putaret
442 1548 475 1606 et
509 1547 577 1605 iure
608 1549 746 1620 putaret.
776 1546 821 1604 At
852 1546 905 1606 ille
938 1561 994 1606 cur
1025 1546 1122 1606 fuerit
1152 1548 1287 1606 vocatus
1318 1550 1351 1607 et
1381 1548 1455 1620 quid

280 1663 410 1722 omnino
442 1663 503 1722 sibi
534 1662 633 1722 Thais
663 1662 743 1722 velit
770 1662 906 1720 minime
931 1661 1092 1735 intelligit.
1118 1661 1236 1721 Secum
1261 1676 1336 1735 ergo
1360 1661 1398 1720 de
1421 1677 1454 1720 re

280 1775 335 1835 illa
358 1776 493 1835 obscura
512 1790 594 1848 quae
614 1775 675 1835 sibi
695 1776 739 1835 sit
758 1775 865 1834 oblata
885 1775 1037 1848 disputat.
1060 1775 1121 1834 Sed
1140 1789 1222 1848 quae
1243 1774 1295 1834 ille
1315 1774 1455 1848 loquitur

280 1903 377 1961 quam
408 1889 547 1947 venusta
573 1889 648 1963 sint,
674 1888 876 1961 quambene
901 1888 1038 1961 apteque
1061 1887 1188 1961 singula
1210 1887 1277 1946 sint
1300 1888 1455 1947 vocabula

279 2001 390 2076 electa,
420 2003 453 2061 et
475 2004 597 2075 quanta
620 2003 689 2061 arte
712 2000 861 2061 10191119
886 2000 1068 2060 Chremetis
1091 2015 1229 2074 persona
1252 2001 1296 2059 sit
1319 2001 1452 2076 depicta,

280 2115 337 2174 vix
368 2117 400 2174 et
424 2131 463 2175 ne
486 2115 544 2174 vix
568 2115 698 2189 quidem
722 2115 987 2190 intelligeremus,
1012 2115 1076 2172 nisi
1100 2114 1301 2188 intempore
1325 2117 1453 2188 praesto

280 2228 372 2287 nobis
404 2230 491 2288 esset
522 2229 670 2302 egregius
698 2228 752 2287 ille
775 2230 971 2303 praeceptor,
998 2226 1187 2287 Scholiasta.
1214 2227 1246 2286 Is
1270 2227 1357 2287 9111111
1381 2227 1454 2286 huic

280 2355 395 2400 scenae
418 2342 515 2400 breve
538 2342 599 2401 hoc
622 2341 791 2415 praemisit
813 2342 993 2400 monitum:

328 2454 436 2529 ,Haec
466 2471 604 2529 persona
634 2455 718 2529 apud
749 2455 959 2514 Menandrum
990 2455 1103 2515 rustici
1134 2454 1347 2514 adolescentis
1371 2455 1452 2514 est.”

279 2568 349 2627 Non
381 2583 419 2628 90
449 2568 581 2627 consilio
612 2569 673 2628 hoc
700 2569 823 2627 dictum
846 2568 938 2641 quasi
962 2569 1055 2627 aliter
1078 2567 1158 2627 haec
1182 2567 1363 2628 Chremetis
1386 2585 1451 2642 per·

279 2697 359 2740 sona
390 2696 409 2740 a
440 2681 589 2740 Terentio
620 2681 664 2740 sit
695 2681 820 2754 depicta
844 2683 940 2753 atque
963 2695 983 2740 9
1006 2680 1188 2756 Menandre,
1213 2681 1270 2739 sed
1293 2679 1453 2755 significat

279 2796 362 2854 hanc
393 2795 606 2854 adolescentis
637 2795 750 2854 rustici
780 2810 953 2869 personam
985 2810 1004 2853 9
1035 2794 1184 2854 Γ19191110
1216 2810 1257 2854 ex
1288 2795 1452 2854 Menandri

279 2907 431 2968 Eunucho
455 2910 622 2982 sumptam
646 2923 727 2982 esse,
749 2924 813 2966 11011
834 2908 972 2983 aliunde,
994 2909 1030 2966 ut
1049 2908 1189 2967 militem
1210 2910 1243 2967 et
1261 2909 1450 2981 parasitum.

278 3020 360 3095 Ergo
402 3024 439 3081 ut
479 3022 578 3082 verba
612 3022 761 3094 factaque
796 3020 978 3080 Chremetis
1011 3022 1092 3080 bene
1126 3021 1357 3096 intelligamus
1392 3022 1452 3080 hoo

277 3135 454 3194 tenendum
490 3169 530 3177 —
563 3136 659 3208 atque
691 3135 771 3194 haec
802 3136 853 3193 est
884 3135 984 3193 totius
1016 3135 1252 3194 observationis
1282 3134 1452 3208 praecipua

278 3263 353 3322 pars
386 3282 427 3291 -
460 3249 619 3309 rusticum
654 3264 725 3308 esse
761 3248 999 3308 adolescentem
1034 3247 1251 3307 Chremetem.
1287 3248 1358 3307 lam
1391 3247 1452 3306 hoc

277 3364 418 3422 hominis
449 3363 543 3438 longe
575 3364 614 3423 ab
645 3364 722 3422 urbe
753 3364 904 3438 viventis,
934 3365 1004 3423 tam
1027 3363 1141 3451 multis
1163 3364 1271 3422 verbis
1294 3379 1389 3422 suam
1412 3363 1451 3422 de

276 3477 348 3536 dolo
383 3478 470 3537 malo
505 3478 721 3551 suspicionem
758 3475 955 3550 significare:
992 3477 1161 3552 ,profecto
1195 3479 1315 3550 quanto
1346 3478 1450 3552 magis

276 3591 446 3664 magisque
470 3591 584 3665 cogit0,
610 3591 804 3650 nimirum:”

319 3719 368 3762 vs.
393 3699 467 3763 509.
562 3704 632 3777 ,Ita
654 3719 708 3763 me
731 3703 824 3762 video
848 3703 888 3762 ab
913 3719 951 3762 oa
975 3705 1082 3762 astute
1106 3704 1360 3765 labefactarier'’.

274 3817 557 3877 Labefactare
587 3816 772 3890 legitimum
798 3817 934 3876 verbum
960 3818 1011 3876 est
1034 3817 1072 3876 de
1096 3833 1133 3877 eo
1157 3818 1211 3890 qui
1235 3833 1254 3877 a
1277 3820 1449 3879 severitate

275 3931 314 3990 ad
339 3931 517 4003 nequitiam
541 3930 733 4003 perducitur.

319 4058 367 4102 vs
394 4045 468 4103 511.

365 4157 488 4230 ,Roget
512 4156 600 4229 quis:
626 4157 700 4229 quid
724 4156 783 4216 tibi
807 4171 881 4215 oum
906 4156 985 4216 illa?
1008 4173 1049 4215 ne
1073 4172 1186 4216 11019111
1211 4159 1373 4231 quidem.'’

273 4271 375 4328 Audis
413 4271 465 4329 hio
499 4270 650 4329 iuvenem
685 4270 906 4328 subrusticum
940 4270 1116 4329 mirantem
1152 4271 1205 4344 qui
1240 4271 1448 4331 mulierculae

272 4383 472 4443 innotescere
492 4383 641 4457 potuerit.
664 4382 806 4442 Chaerea
826 4385 947 4457 contra,
969 4383 1111 4442 urbanus
1127 4399 1165 4444 ac
1177 4384 1337 4459 militarie,
1353 4385 1446 4446 mira·

273 4498 326 4556 tur
351 4500 409 4565 (vs.
435 4497 509 4566 360)
535 4497 618 4570 quod
641 4495 797 4556 Thaidem
821 4497 965 4556 nondum
989 4496 1114 4558 viderit.
