3234 5254
838 687 899 746 182

281 875 406 934 scholio
437 875 569 947 legitur:
605 875 707 949 „quod
739 875 887 948 obiurgat
918 873 1018 948 Micio,
1052 873 1163 946 magni
1195 873 1316 932 amoris
1347 875 1394 931 est
1420 874 1449 930 et

279 987 462 1047 necessaria
499 1003 555 1062 pro
593 1003 730 1062 persona
764 987 963 1047 assentatio’'
1001 986 1283 1061 corruptissimum
1318 987 1446 1045 videtur.

280 1101 360 1176 Quid
384 1101 471 1160 enirn
496 1103 546 1160 est
569 1102 818 1161 necessaria
849 1117 920 1175 pro
952 1116 1134 1176 persona
1165 1101 1428 1159 assentatio?

325 1217 376 1274 65.
411 1215 566 1289 „Magnus
593 1215 722 1274 institor
746 1213 797 1273 sui
820 1213 966 1274 beneficii
991 1215 1049 1289 est,
1075 1213 1129 1286 qui
1153 1229 1172 1272 a
1197 1213 1257 1272 diis
1281 1213 1449 1287 petendum

280 1343 352 1387 esse
383 1328 460 1387 dicit
489 1328 572 1408 quoii
604 1328 671 1402 ipse
703 1328 911 1403 praestabit.''
945 1327 1012 1402 Quo
1043 1342 1141 1386 sensu
1173 1327 1225 1385 hio
1256 1327 1378 1386 dictum
1405 1328 1450 1385 est

279 1441 483 1500 institor?
518 1441 569 1500 An
603 1442 770 1501 hominem
805 1440 967 1514 significat
998 1441 1061 1516 qui,
1095 1443 1132 1500 ut
1163 1441 1292 1500 institor
1324 1440 1450 1498 circum·

280 1554 430 1613 foraneus
461 1569 586 1613 merces
610 1570 696 1629 suas,
722 1555 767 1613 ita
790 1553 983 1614 beneficium
1007 1570 1103 1614 suum
1128 1556 1264 1612 exornat
1287 1554 1452 1612 laudibus?

326 1670 377 1728 67.
409 1668 456 1726 Ni
490 1670 625 1742 magis
660 1671 700 1728 te
735 1685 855 1742 quam
891 1669 1037 1728 oculos
1073 1684 1180 1727 nuno
1215 1684 1303 1727 amo
1339 1673 1451 1738 meos]

284 1783 467 1855 „eleganter
497 1783 667 1842 inventum
698 1785 756 1858 est,
791 1784 874 1856 quod
902 1783 934 1841 in
958 1798 993 1842 se
1018 1785 1146 1841 amator
1167 1783 1312 1842 multum
1335 1782 1452 1856 diligat,

281 1894 312 1954 id
336 1897 387 1954 est
410 1896 535 1955 oculos:
560 1898 597 1955 ut
620 1913 637 1956 e
663 1895 822 1956 contrario
847 1896 880 1954 in
903 1895 1057 1955 Eunucho
1082 1895 1351 1955 adolescenti
1374 1896 1455 1969 ipsi

282 2008 490 2082 eriperem
522 2010 676 2084 000105,
710 2009 741 2068 id
769 2011 820 2068 est
843 2010 930 2083 ipsos
955 2010 993 2068 de
1018 2010 1133 2082 quibus
1158 2011 1279 2068 amat.''
1304 2009 1383 2067 Mira
1406 2024 1455 2067 res

282 2123 341 2197 est,
374 2123 426 2182 hic
457 2125 626 2196 tamquam
658 2139 699 2182 ex
729 2124 883 2183 Eunucho
916 2123 1008 2182 citari
1040 2138 1121 2196 quae
1152 2125 1185 2182 in
1209 2123 1288 2197 ipsis
1311 2123 1456 2196 legantur

255 2235 446 2326 [Adelphis.
479 2237 502 2294 E
538 2237 643 2296 verbis
672 2238 782 2296 autem
807 2237 924 2311 ipsos
948 2237 993 2296 de
1018 2237 1168 2310 quibus
1193 2237 1304 2295 amat
1328 2237 1454 2294 omnino

282 2348 327 2407 de
352 2349 570 2410 eximendum.

327 2463 378 2522 69.
411 2464 545 2523 Ardenti
576 2464 719 2523 oratione
750 2455 1298 2538 0011181011οε1511105011105
1323 2479 1454 2536 cumque

282 2577 377 2649 paulo
413 2578 488 2636 anie
523 2577 562 2636 ab
598 2578 652 2637 1110
687 2577 795 2646 iussus
830 2579 874 2638 511
909 2579 985 2637 (1005
1020 2577 1142 2651 precari
1174 2580 1210 2636 ut
1240 2577 1350 2638 omnia
1379 2579 1454 2638 bene

281 2692 420 2764 vertant,
445 2706 531 2750 nunc
556 2690 637 2766 „Abi
660 2692 772 2764 pater'’
798 2692 902 2764 inquit

371 2803 418 2862 Tu
443 2804 550 2878 potius
575 2804 651 2862 deos
676 2819 896 2878 comprecare:
922 2820 998 2863 nam
1022 2804 1081 2863 tibi
1106 2820 1170 2880 eos,
1197 2807 1283 2865 certo
1307 2806 1403 2881 5510,ι

371 2917 438 2992 Quo
458 2917 508 2976 vir
529 2918 644 2976 melior
664 2918 767 2976 multo
789 2933 832 2992 es,
855 2933 953 2990 quam
970 2934 1037 2993 ego,
1052 2918 1331 2992 obtemperaturos
1343 2920 1454 2993 magis.

279 3033 482 3090 Annotatur:
518 3031 621 3105 „mira
652 3032 816 3091 sententia
846 3033 923 3091 deos
954 3032 1085 3105 obsequi
1116 3031 1218 3106 bonis
1251 3033 1344 3104 quasi
1368 3033 1456 3092 bonis

281 3145 467 3204 hominibus
487 3146 629 3205 multum
650 3145 796 3204 debeant.
818 3145 858 3204 Et
876 3146 910 3204 in
930 3146 1175 3205 excusationem
1198 3146 1349 3220 precandi
1373 3147 1455 3221 deos,

280 3259 353 3319 vide
371 3275 454 3333 oriae
473 3259 612 3319 facultas
633 3261 710 3317 nata
730 3259 773 3317 sit
792 3261 919 3333 patrem
939 3259 1009 3318 sine
1029 3260 1248 3319 assentatione
1268 3260 1455 3319 laudandi!'’

280 3373 381 3446 Lege:
419 3375 458 3431 et
494 3388 542 3430 ex
578 3372 981 3432 commemoratione
1016 3373 1217 3446 precandi
1256 3374 1354 3433 deos
1385 3389 1454 3448 pro:

280 3489 321 3545 et
344 3486 384 3544 in
409 3487 734 3546 excusationem
760 3486 962 3560 precandi
986 3487 1093 3545 (1005.
1114 3485 1243 3546 Etenim
1263 3487 1315 3547 hic
1335 3502 1455 3560 quoque

281 3599 423 3659 Terentii
442 3600 592 3659 laudatur
611 3599 790 3674 vigilantia,
812 3600 866 3672 qui
885 3600 955 3658 ideo
976 3615 1088 3659 senem
1108 3600 1215 3658 verbis
1239 3600 1337 3660 deos
1362 3615 1453 3659 com·

278 3729 456 3788 precare
486 3714 634 3773 utentem
664 3712 777 3772 fecerit
807 3715 844 3772 ut
870 3713 973 3787 lepide
997 3729 1072 3772 eum
1095 3713 1247 3772 laudandi
1270 3714 1453 3773 facultatem

279 3828 486 3888 nanciscatur
509 3825 604 3885 iilius.

323 4051 375 4126 IV,
413 4051 442 4126 7,
483 4051 532 4110 13.
571 4051 681 4125 „Illinc
712 4052 775 4111 huc
805 4051 1019 4112 transferetur
1048 4049 1171 4122 virg0.”
1204 4048 1349 4108 Micionis
1380 4051 1453 4109 haeo

277 4166 376 4224 verba
400 4166 485 4224 sunt.
512 4163 711 4224 Annotatur:
736 4165 974 4239 „Virginem
994 4179 1075 4236 quae
1096 4163 1195 4222 etiam
1218 4177 1292 4221 cum
1308 4164 1377 4222 viro
1397 4164 1453 4223 fu't

278 4280 404 4338 vocat.”
447 4279 552 4338 Immo
592 4280 721 4338 etiam
756 4295 867 4354 quae,
904 4294 968 4337 non
1004 4292 1107 4350 quae
1143 4277 1283 4336 etiam.
1321 4277 1453 4336 Nomine

278 4392 365 4452 enim
401 4393 521 4466 virgo
553 4393 723 4467 Pamphila
754 4391 962 4466 significatur,
996 4406 1059 4464 qua
1090 4391 1211 4449 dudum
1243 4389 1349 4451 amica
1379 4405 1455 4450 usus

278 4508 328 4567 est
350 4506 541 4566 Aeschinus,
