3230 5260
720 649 781 709 153

162 833 277 894 fleant:
305 837 426 910 ,nimia
449 834 589 896 Critonis
611 837 778 910 diligentia
801 838 834 895 in
857 852 917 896 sua
935 835 1071 910 pecunia
1090 833 1295 907 repetenda.'’
1311 826 1332 902 ¹)

162 950 251 1025 Mira,
284 950 400 1026 hercle,
433 951 609 1010 Latinitas!
635 951 782 1012 Klotzius
805 968 862 1025 pro
885 966 1013 1025 parvo
1037 947 1137 1009 edidit
1159 962 1331 1022 parvae;

161 1063 257 1138 male,
282 1065 319 1122 ut
342 1064 462 1138 opinor.

629 1219 864 1228 --.-—.-—.

549 1347 612 1407 An
647 1316 943 1411 nunuonun.

204 1499 287 1558 Prol.
313 1501 342 1558 9.
367 1500 503 1560 Narrate
527 1501 713 1560 Phasmatis
737 1501 921 1561 Menandrei
944 1499 1135 1573 argumento
1159 1497 1206 1555 sic
1229 1496 1334 1569 pergit

160 1611 357 1671 Scholiasta:
385 1612 515 1687 ,utrum
539 1629 613 1688 ergo
637 1615 698 1673 hoc
721 1616 806 1674 dicat
829 1615 912 1687 quod
936 1615 1040 1674 totam
1063 1611 1206 1672 fabulam
1230 1611 1332 1669 trans-

159 1725 290 1784 ferendo
313 1725 444 1786 laeserit
467 1727 501 1785 L.
522 1727 686 1803 Lavinius,
708 1744 752 1787 an
770 1728 825 1787 hoc
843 1730 966 1787 tantum
985 1727 1022 1786 dc
1041 1741 1101 1799 qao
1120 1723 1332 1798 reprehendat,

159 1838 216 1896 sed
250 1838 302 1896 his
332 1838 434 1912 signis
465 1839 546 1899 velit
568 1841 737 1900 ostendere
760 1856 858 1914 quem
881 1840 967 1899 dicat
989 1838 1107 1898 vitiose
1130 1838 1332 1897 Thesaurum

159 1952 379 2024 composuisse
387 1953 424 2010 ?”
444 1952 607 2013 Vocabula
626 1954 790 2013 inclinatis
809 1954 936 2027 depicta
954 1952 1057 2012 literis
1078 1953 1227 2025 corrupta
1245 1953 1331 2011 sunt.

159 2065 289 2139 Sensus,
321 2065 375 2138 qui
405 2067 587 2142 requiritur,
619 2067 841 2127 huiuscemodi
864 2069 931 2127 est:
959 2082 1020 2141 ,an
1043 2067 1103 2127 hoo
1126 2066 1256 2139 quidem
1279 2081 1331 2124 no·

158 2178 246 2238 mine
269 2195 333 2238 non
355 2181 569 2254 reprehendat
589 2183 652 2224 -”
673 2182 729 2252 (De
748 2181 963 2242 coniunctivis
982 2181 1016 2240 in
1028 2179 1333 2253 interrogationibus

159 2291 288 2351 directis
311 2309 341 2352 v.
366 2309 438 2368 pag.
466 2296 526 2364 10).
550 2295 645 2354 Haud
668 2296 848 2369 spernenda
871 2310 946 2368 ergo
969 2293 1187 2354 Westerhovii
1211 2294 1331 2354 coniec-

158 2405 247 2464 tura:
271 2421 333 2480 ,an
351 2407 412 2467 hoc
431 2409 561 2468 tanturn
581 2409 675 2484 dicat,
697 2425 761 2468 non
780 2425 842 2483 quo
862 2408 1106 2482 reprehendat.”
1121 2407 1332 2466 Sabbadinius

159 2534 202 2578 ac
232 2523 287 2590 (ex
318 2522 488 2592 codicibus)
513 2523 600 2582 dedit
622 2539 679 2597 pro
703 2539 768 2599 an,
794 2525 827 2582 et
850 2538 970 2596 quam
994 2521 1108 2582 dicat
1130 2538 1187 2596 pro
1211 2538 1331 2595 quem

159 2630 281 2692 dicat.
307 2634 375 2709 Qua
398 2635 522 2694 ratione
545 2636 621 2709 quid
644 2636 807 2696 lucremur
830 2651 894 2695 non
917 2637 1020 2696 video.

200 2846 224 2921 I,
251 2847 280 2922 2,
305 2847 358 2907 46.
391 2848 553 2908 Potiorem
584 2850 668 2924 apud
699 2850 855 2910 Thaidem
886 2866 959 2910 esse
989 2850 1129 2909 militem
1153 2848 1329 2923 oportebat,

158 2958 272 3033 quippe
303 2961 358 3033 qui
388 2961 454 3020 iam
486 2964 561 3022 ante
584 2963 777 3024 Phaedriam
801 2963 892 3023 illam
914 2964 1063 3024 habuerit
1086 2962 1236 3022 amicam.
1261 2961 1331 3020 Hoc

157 3071 210 3130 nbi
241 3072 349 3132 docuit
380 3075 560 3135 Scholiasta
587 3076 668 3136 haec
691 3078 795 3137 addit:
823 3080 876 3152 ,et
899 3078 960 3137 hoc
983 3078 1053 3136 sine
1076 3076 1183 3150 puella
1206 3076 1240 3135 et
1261 3090 1330 3133 mu·

157 3199 270 3244 nerum
305 3201 403 3246 causa
437 3188 580 3247 multum
613 3205 670 3263 pro
704 3191 810 3250 milite
845 3192 957 3250 contra
986 3189 1180 3249 Phaedriam
1209 3189 1330 3248 valet.''

157 3296 399 3358 Absurdissima
429 3301 548 3374 oratio;
582 3304 769 3376 corruptum
799 3304 912 3363 tamen
938 3304 1046 3363 locum
1068 3318 1133 3362 non
1155 3303 1243 3376 puto.
1270 3302 1332 3361 Hic

158 3409 243 3467 enim
266 3425 383 3470 sensus
406 3415 582 3487 utcumque
602 3430 619 3473 e
639 3416 747 3474 verbis
767 3416 859 3475 sine
883 3416 1026 3490 puella
1050 3416 1091 3475 et
1113 3430 1332 3475 munerum

158 3536 282 3582 causa
312 3525 447 3584 extundi
477 3527 601 3600 potest:
635 3528 756 3602 ,etiam
788 3545 853 3587 non
884 3529 1055 3588 accedente
1086 3528 1202 3604 puella,
1232 3543 1331 3602 quam

157 3635 249 3694 miles
284 3636 313 3695 ei
348 3637 430 3697 dono
461 3639 592 3715 dederit,
625 3640 678 3699 vel
708 3644 900 3714 argumento
924 3641 1008 3715 quod
1031 3643 1107 3701 ante
1131 3643 1180 3701 tot
1204 3643 1237 3701 et
1260 3643 1330 3701 tam

156 3762 272 3822 magna
314 3749 343 3808 ei
378 3750 431 3809 ille
466 3752 593 3812 donarit
623 3755 791 3812 munera.”
823 3754 923 3813 Paulo
954 3754 1131 3828 elegantior
1161 3752 1199 3814 fit
1228 3753 1330 3814 oratio
1416 3827 1425 3846 .

155 3861 243 3920 varia
265 3861 403 3922 lectione
426 3865 596 3938 puellae
620 3868 687 3939 (pro
710 3866 874 3941 puella).

197 3975 250 4034 52.
285 3976 382 4051 ,Vult
412 3977 581 4037 ostendere
612 3981 733 4052 quanto
766 3995 900 4040 munere
931 3981 1027 4040 miles
1057 3981 1234 4040 Phaedriae
1257 3995 1329 4039 me-

153 4089 299 4148 ruerat
322 4091 507 4165 anteponi.''
524 4092 788 4151 Westerhovius:
809 4094 1035 4166 meruerit;
1057 4093 1210 4152 correctio
1230 4093 1328 4153 incer-

153 4201 292 4276 tissima,
318 4202 392 4262 vide
414 4218 485 4278 pag.
514 4205 555 4263 10
579 4204 618 4264 de
642 4205 857 4265 coniunctivis
878 4208 911 4264 et
930 4205 1115 4264 indicativis
1134 4205 1167 4263 in
1186 4205 1328 4265 scholiis.

180 4409 197 4458 ¹)
224 4405 324 4459 Belglce
351 4405 420 4450 istud
441 4417 535 4459 parvo
557 4407 603 4451 111
624 4407 763 4452 Critonis
784 4409 927 4453 tractatu
947 4409 984 4453 sle
1005 4408 1165 4454 vertendum:
1188 4407 1262 4463 „door
1282 4420 1330 4454 een

154 4481 319 4536 klelngeestlg
332 4482 480 4536 behartlgen
492 4485 568 4538 zljner
581 4484 725 4529 linaneleele
738 4486 861 4540 bolengen
873 4497 924 4530 van
938 4486 967 4530 de
983 4486 1044 4541 audo
1057 4497 1108 4532 van
1122 4485 1211 4530 Orlto.”
