3234 5254
742 634 819 706 'ers

197 835 372 908 anteponit.
407 837 529 895 Demea
564 835 618 893 ille
653 836 686 892 in
721 833 885 906 Adelphis,
922 832 976 891 ubi
1008 833 1162 904 expertus
1194 833 1244 890 est
1276 847 1373 904 quam

196 963 310 1020 parum
352 949 414 1007 sibi
452 950 610 1008 severitas
646 948 810 1022 profuerit,
847 947 954 1004 subito
989 944 1101 1004 hilaris
1136 944 1181 1019 fit,
1219 946 1371 1019 clemens

195 1062 321 1136 largus:
357 1065 495 1137 ignoscit
528 1064 660 1122 veniam
695 1061 888 1136 petentibus,
926 1060 1078 1133 quidquid
1113 1061 1244 1132 rogatur
1275 1060 1374 1118 donat
1465 1056 1466 1059 ’

196 1178 229 1235 et
252 1177 320 1250 ipse
343 1179 458 1237 multa·
470 1178 554 1236 ultro
574 1178 671 1251 addit,
693 1175 889 1248 mirantique
908 1173 1010 1248 fratri,
1032 1173 1107 1246 quid
1127 1172 1189 1231 sibi
1210 1172 1274 1232 ista
1294 1173 1374 1231 velit

195 1290 378 1363 benignitas
400 1291 573 1364 respondet
597 1290 643 1364 (V,
670 1291 700 1364 9,
728 1290 769 1348 28
790 1291 890 1360 sqq.):
1274 1290 1279 1297 ‘
1370 1263 1371 1266 Ἴ

1070 1400 1184 1459 Dicam
1207 1401 1283 1459 tibi:

284 1519 329 1577 Ut
348 1519 379 1577 id
403 1519 616 1591 ostenderem,
638 1518 722 1591 quod
741 1519 774 1576 te
794 1517 850 1575 isti
869 1515 999 1574 facilem
1020 1516 1051 1572 et
1071 1515 1228 1573 festivum
1247 1517 1371 1589 putant,

283 1632 319 1690 ld
342 1646 407 1690 non
428 1630 497 1690 fieri
522 1646 563 1689 ex
585 1645 663 1689 vera
685 1631 763 1704 vita,
789 1644 892 1702 neque
916 1628 995 1686 adeo
1016 1643 1178 1700 exaequo
1200 1628 1343 1702 othone,

284 1746 345 1804 Sed
370 1761 411 1804 ex
435 1746 630 1804 assentando
654 1747 687 1804 et
709 1744 902 1817 indulgendo
927 1744 960 1801 et
983 1742 1156 1816 largiendo,
1182 1742 1285 1802 Micio,

195 1857 339 1917 Annotat
374 1859 571 1918 Scholiasta:
610 1859 710 1933 „bene
745 1859 778 1915 in
809 1858 973 1930 postremo
1006 1856 1146 1928 dignitas
1177 1856 1274 1914 huius
1304 1872 1372 1930 per-

194 1987 293 2031 sonae
327 1974 458 2030 servata
489 1973 548 2046 est,
580 1973 617 2030 ut
648 1987 713 2030 non
735 1972 890 2044 perpetuo
915 1971 1117 2029 commutata
1139 1971 1312 2046 videretur,
1335 1974 1373 2030 ut

194 2083 380 2144 Truculenti
411 2085 494 2158 apud
517 2084 702 2144 Plautum.”
728 2085 841 2143 Nonne
865 2084 972 2156 inepte
996 2083 1049 2142 hio
1072 2083 1242 2143 Terentius
1265 2084 1371 2144 lauda-

194 2201 291 2273 retur,
317 2201 346 2258 si
370 2200 582 2259 aMenandro
606 2199 699 2257 illum
722 2199 830 2258 locum
853 2198 1073 2271 sumpsisset?

239 2313 337 2370 Hisce
360 2328 435 2386 ergo
459 2313 618 2387 exemplis
641 2313 753 2386 fretus,
779 2314 836 2370 aut
859 2310 1009 2370 omnibus
1033 2313 1090 2370 aut
1112 2311 1272 2385 plerisque
1292 2313 1372 2372 locis

194 2425 249 2482 ubi
284 2426 471 2484 Terentium
506 2427 617 2485 laudat
652 2425 833 2484 Scholiasta
868 2426 973 2494 (modo
1005 2426 1116 2483 autem
1147 2426 1278 2485 nomine
1302 2427 1372 2486 eius

193 2537 305 2614 utitur,'
341 2540 436 2598 modo
467 2541 635 2613 poetam
667 2538 827 2613 appellat),
859 2538 1025 2611 proprium
1048 2538 1209 2610 quoddam
1234 2540 1303 2598 eius
1326 2541 1370 2598 in-

194 2653 330 2710 ventum
361 2652 486 2712 laudari
517 2655 636 2712 statuo.
673 2652 875 2711 Enumerabo
907 2666 988 2725 quae
1012 2652 1075 2710 huc
1097 2652 1219 2711 saciant
1241 2654 1371 2713 tautum

158 2826 160 2828 ,
193 2781 258 2825 non
281 2769 399 2828 omnia.

239 2878 270 2942 Ι.
301 2881 430 2940 Primus
461 2881 608 2940 omnium
632 2881 801 2940 Terentius
829 2881 930 2938 bonas
954 2896 1065 2940 socrus
1089 2881 1122 2938 et
1144 2880 1245 2939 bonas
1268 2897 1369 2946 mere.-

192 2993 290 3052 trices
332 2995 365 3054 in
402 3009 535 3054 scenam
577 2995 766 3054 introduxit.
803 2994 945 3053 Terentii
980 3009 1052 3053 esse
1087 2993 1165 3052 illud
1199 2995 1370 3055 inventum

193 3106 312 3166 diserte
335 3108 428 3167 docet
451 3108 596 3167 scholion
620 3109 659 3167 ad
683 3109 846 3181 Hecyram
869 3107 907 3182 V,
934 3109 962 3182 2,
989 3107 1025 3165 8:
1054 3107 1178 3181 „multa
1201 3107 1370 3168 Terentius

192 3220 329 3280 feliciter
360 3237 459 3282 ausus
487 3224 537 3281 est
561 3224 630 3281 arte
652 3223 765 3281 fretus.
791 3222 875 3281 Nam
899 3223 932 3280 et
955 3235 1066 3290 socrus
1090 3221 1190 3280 bonas
1215 3224 1247 3280 et
1269 3238 1370 3281 mere-

193 3334 290 3393 trices
325 3335 453 3394 honesti
488 3336 629 3410 cupidas,
665 3337 892 3408 praeterquam
927 3334 1155 3407 pervulgatum
1190 3336 1249 3410 est,
1281 3335 1368 3395 iacit.

194 3447 255 3505 Sed
279 3449 372 3506 tanta
394 3448 564 3521 vigilantia
584 3464 757 3508 causarum
778 3450 810 3508 et
830 3449 993 3507 rationum
1013 3450 1182 3508 momenta
1193 3450 1369 3525 subiungit,

193 3562 230 3619 ut
264 3561 293 3618 ei
327 3561 388 3620 soli
422 3562 539 3621 merito
571 3563 746 3622 ‘videantur
780 3563 891 3621 omnia
920 3563 1049 3622 licere.’'
1081 3563 1201 3622 Eodem
1232 3563 1372 3638 pertinet

194 3675 339 3734 scholion
363 3676 403 3734 ad
426 3675 463 3751 V,
492 3677 520 3751 1,
549 3678 583 3735 1:
1196 3669 1201 3674 ’

241 3787 364 3862 „Rarus
387 3789 475 3847 vitae
500 3789 586 3848 color
609 3790 643 3848 in
666 3790 726 3848 hac
749 3789 910 3849 locutione
934 3790 1091 3849 miscetur
1115 3805 1134 3848 a
1156 3790 1261 3863 poeta.
1287 3789 1370 3848 Nam

193 3901 350 3960 meretrix
372 3901 514 3974 loquitur
537 3905 570 3961 et
593 3917 703 3978 senex,
729 3906 762 3962 et
781 3904 865 3976 quod
885 3905 936 3962 est
955 3903 1145 3978 mirabilius,
1167 3903 1251 3962 bona
1269 3917 1369 3961 mere·
1440 3973 1444 3982 Ι

193 4015 259 4073 trix
289 4015 381 4073 mitis
407 4030 525 4074 senex:
551 4016 588 4074 ut
611 4016 774 4090 intelligas
797 4016 962 4077 laborasse
986 4017 1174 4075 Terentium
1197 4017 1234 4075 ut
1258 4031 1277 4075 a
1299 4016 1370 4090 lege

194 4129 392 4188 comicorum
412 4130 576 4188 recederet
595 4132 627 4189 et
648 4131 681 4188 in
694 4133 768 4190 actu
780 4133 892 4190 tamen
905 4131 1171 4190 consuetudinem
1184 4130 1369 4189 retineret.’'

238 4241 290 4305 ΙΙ.
331 4242 545 4315 Lepidissime
585 4243 836 4317 felicissimeque
875 4244 1044 4303 Terentius
1078 4258 1180 4302 novas
1214 4258 1369 4316 personas

193 4355 362 4427 loquentes
400 4359 596 4429 agentesque
631 4356 762 4416 inducit.
798 4357 947 4417 Pluribus
981 4357 1060 4416 loeis
1096 4357 1134 4415 de
1168 4356 1229 4415 hoc
1263 4357 1369 4430 agitur

114 4467 117 4471 '
195 4466 339 4543 artificio,
366 4483 446 4541 quos
470 4469 584 4528 afferre
603 4483 689 4546 opus
712 4483 777 4527 non
800 4471 859 4528 est.
