3234 5254
799 653 861 712 227

243 856 278 900 se
297 841 417 900 sentire
436 857 534 915 quam
554 841 641 900 vitae
661 841 747 914 pleni
767 839 834 900 sint
853 855 967 900 omnes
979 840 1121 899 Terentii
1132 856 1256 900 versus.
1271 843 1415 901 Annotat

243 955 346 1014 enim:
375 957 501 1028 „cetera
520 957 596 1014 sunt
617 955 649 1012 in
669 956 763 1028 gestu
784 953 968 1026 quaerentis
988 953 1064 1027 quid
1083 954 1169 1013 dicat
1188 954 1226 1013 de
1246 955 1414 1028 Pamphilo

243 1083 301 1127 nec
324 1068 550 1128 invenientis.’'

286 1180 347 1239 Hic
377 1197 430 1240 me
454 1181 571 1254 aliquis
594 1180 642 1239 sic
665 1179 869 1254 interpellare
891 1180 1011 1252 possit:
1039 1179 1148 1254 „Heus
1172 1181 1217 1255 tu,
1242 1180 1281 1239 de
1305 1180 1415 1240 Sosiae

242 1309 379 1366 persona
402 1294 546 1354 dicturus
566 1309 647 1368 erae,
669 1293 725 1352 sed
745 1292 921 1351 identidem
942 1293 1051 1367 etiam,
1073 1292 1101 1350 si
1121 1308 1201 1364 quos
1221 1293 1255 1351 in
1275 1294 1415 1353 Simonis

242 1407 349 1466 verbis
383 1407 619 1481 deprehendere
650 1405 709 1465 tibi
738 1405 859 1464 videris
889 1407 1023 1481 lepores
1049 1405 1121 1465 illos
1145 1405 1237 1464 nobis
1260 1405 1415 1466 indicas.’'

243 1521 317 1579 Feci
346 1521 415 1596 hoc,
447 1520 560 1595 fateor,
592 1521 649 1579 sed
672 1518 750 1578 iacti
774 1535 838 1579 non
860 1520 1013 1592 poenitet.
1038 1520 1109 1579 Non
1132 1519 1220 1578 enim
1243 1520 1312 1577 tam
1336 1520 1416 1578 bene

242 1633 408 1706 lepideque
432 1648 562 1693 narrare
581 1633 742 1705 potuisset
762 1632 860 1706 Sim0,
881 1632 945 1690 nisi
965 1633 1034 1690 tam
1054 1631 1174 1691 bonum
1194 1634 1310 1690 nactus
1330 1634 1417 1691 esset

243 1749 431 1807 auditorem.
466 1747 546 1822 Quid
576 1747 660 1820 quod
691 1746 819 1819 singula
849 1761 909 1804 sua
931 1746 1030 1805 verba
1054 1747 1141 1805 illius
1164 1746 1309 1806 moribus
1332 1748 1416 1821 inge-

242 1862 357 1934 nioque
381 1861 614 1921 accommodat.

287 1975 339 2033 89.
365 1975 416 2033 Sic
439 1989 541 2033 senex
563 1973 684 2047 pergit:

842 2084 923 2143 item
946 2084 1009 2144 alio
1033 2085 1084 2144 die

377 2199 594 2274 Quaerebam:
620 2197 858 2273 comperiebam
882 2198 926 2257 nil
950 2198 991 2257 ad
1014 2198 1222 2273 Pamphilum

376 2313 553 2388 Quicquam
576 2313 724 2372 attinere.

242 2428 303 2487 Hic
315 2443 440 2501 quoque
454 2443 521 2501 ego,
536 2426 686 2499 quamvis
698 2425 819 2484 mirum
832 2425 988 2500 videatur,
1003 2427 1166 2485 narrantis
1178 2416 1256 2503 ἦθος
1269 2441 1417 2501 agnosco.

242 2541 282 2599 Et
312 2543 424 2600 tamen
451 2556 491 2599 ne
516 2540 697 2598 Scholiasta
720 2539 859 2613 quidem,
885 2539 1150 2597 accuratissimus
1174 2539 1227 2597 ille
1251 2554 1417 2602 ornamen-

243 2657 359 2729 torum,
392 2668 474 2725 quae
505 2668 612 2711 sermo
643 2651 784 2710 Terentii
812 2652 917 2726 habet,
944 2651 1139 2726 observator,
1165 2652 1339 2724 quidquam
1363 2667 1416 2711 me

243 2769 344 2826 docet.
388 2767 420 2825 Is
463 2766 550 2825 enim
589 2766 741 2824 annotat:
776 2763 892 2822 Nihil
929 2765 976 2822 ad
1011 2764 1276 2837 Pamphilum
1311 2765 1416 2836 quic-

243 2883 373 2954 quam]
413 2879 594 2954 „capillum
630 2894 707 2937 nam
743 2849 885 2936 abundat
915 2877 1158 2952 quidquam,
1191 2891 1268 2935 nam
1299 2890 1416 2935 nemo

244 2995 465 3066 quisquam
485 3008 550 3052 non
566 2992 713 3050 dicitur.’‘
727 2990 888 3050 Haeccine
901 3005 920 3048 a
931 2989 1056 3048 Donato
1068 2990 1211 3063 proiecta
1224 2989 1417 3048 credamus?

243 3108 314 3166 Non
344 3122 413 3180 ego,
445 3106 508 3164 Vix
539 3105 591 3164 hic
618 3104 719 3163 oculis
742 3104 826 3163 meis
849 3101 947 3160 fidem
971 3102 1082 3162 habeo.
1108 3103 1199 3162 Itane
1223 3104 1323 3161 vero?
1346 3103 1417 3160 Non

244 3221 360 3279 dicitur
382 3234 500 3278 nemo
524 3219 771 3291 quisquam?
796 3216 877 3290 Quid
900 3230 975 3288 ergo
999 3215 1078 3274 Eun.
1099 3231 1147 3274 vs
1172 3217 1256 3274 1032
1276 3214 1418 3288 legitur?

244 3334 384 3408 Nempe:

377 3445 401 3504 O
425 3445 611 3520 populares!
636 3443 746 3515 ecquis
769 3457 822 3500 me
845 3442 940 3501 hodie
962 3440 1046 3500 vivit
1068 3441 1284 3501 fortunatior?

377 3559 488 3634 Nemo,
513 3557 628 3632 hercle,
653 3548 872 3629 quisquam1).

244 3672 285 3731 Et
314 3673 366 3732 110
393 3673 459 3732 iam
483 3686 649 3743 nunquam
673 3670 770 3728 antea
793 3668 915 3726 dictum
939 3666 1017 3725 illud
1040 3665 1141 3724 fuisse
1164 3682 1282 3725 nemo
1313 3667 1418 3739 quis-

244 3801 381 3860 quam,
402 3799 508 3843 nonne
527 3784 639 3843 liceret
658 3781 807 3840 Terentio
824 3795 897 3838 eam
908 3778 1139 3840 vocabulorum
1152 3779 1419 3852 compositionem

274 4015 290 4065 1)
308 4013 380 4058 Unus
397 4012 438 4055 hic
452 4011 521 4055 locus
535 4010 606 4065 satis,
620 4010 650 4052 nt
662 4009 756 4065 opinor,
770 4007 926 4052 demonstrat
940 4017 990 4050 non
1004 4006 1088 4059 ipsum
1103 4005 1230 4050 Donatum
1245 4016 1275 4049 ea
1290 4004 1420 4058 scripsisse

246 4101 309 4144 qnae
330 4091 403 4135 modo
425 4091 573 4134 citabamus.
594 4088 740 4141 corruptam
763 4097 778 4129 a
793 4085 955 4138 compilatore
970 4084 1159 4128 annotationem
1174 4094 1268 4135 censeo,
1283 4094 1346 4136 qnae
1360 4083 1420 4126 olim

246 4151 417 4213 huiuscemodi
443 4166 526 4210 fuerit:
556 4165 654 4219 „eodem
681 4165 754 4208 modo
780 4174 866 4207 nemo
890 4161 1056 4214 quisquam
1078 4161 1188 4204 dicitnr.’'
1208 4159 1273 4203 Nam
1294 4160 1421 4204 Donatum

246 4246 340 4299 aliquld
359 4246 472 4289 docuisse
484 4243 549 4296 quod
563 4243 665 4288 veritati
682 4242 788 4286 adversa
802 4242 884 4285 fronte
898 4241 1047 4294 repugnaret
1062 4239 1124 4281 mihi
1138 4249 1188 4282 non
1203 4238 1372 4292 persuadetur.
1388 4237 1423 4281 df.

246 4325 311 4378 quod
332 4326 358 4368 in
379 4323 474 4368 scholio
496 4323 592 4366 sincero
611 4321 758 4374 integroque
777 4320 869 4372 legitur
883 4320 914 4363 ad
928 4319 1027 4362 Phorm.
1041 4318 1059 4372 I,
1073 4319 1093 4372 2,
1107 4319 1144 4362 30:
1160 4317 1272 4362 Noster
1286 4317 1362 4360 mali
1376 4318 1422 4362 nil

245 4401 418 4454 quicquam]
434 4399 565 4453 „quartum
577 4394 699 4456 10011100,
717 4396 786 4438 utin
800 4395 911 4448 Hecyra:
925 4404 994 4437 nam
1008 4403 1094 4436 nemo
1109 4392 1235 4435 illorum
1251 4392 1422 4450 quisquam,

247 4481 340 4535 scito,
353 4481 389 4524 ad
407 4484 437 4523 11
455 4479 563 4522 venite·
