3254 5274
738 647 779 706 31

174 836 211 894 ab
241 837 342 896 altero
372 836 480 896 verbis
504 836 638 897 alterius
668 853 833 913 personae,
867 854 948 912 quae
979 839 1105 898 ostendi
1134 856 1191 914 per
1214 857 1249 901 se
1273 842 1343 918 ipsa

173 965 235 1008 nou
257 953 423 1025 poterant;
447 954 485 1011 ut
507 967 593 1011 nuno
615 967 716 1011 manu
739 968 834 1027 agere
858 952 1034 1013 Chaeream
1054 955 1254 1015 Parmenone
1273 958 1342 1032 ipso

172 1063 294 1122 dicente
326 1066 582 1139 cognoscimus.''
614 1066 734 1125 Eodem
757 1067 862 1141 modo,
887 1068 916 1126 si
939 1067 1010 1140 quis
1034 1067 1068 1126 in
1091 1068 1213 1128 Graeca
1234 1070 1343 1130 fabula

171 1175 354 1254 μαρτύρομαι
377 1178 549 1254 exclamat,
571 1179 602 1237 ei
620 1179 716 1238 modo
736 1179 893 1239 inflictam
913 1181 1042 1256 alapam
1058 1182 1139 1242 scire
1155 1199 1339 1257 possumus.

171 1288 215 1348 Cf.
240 1291 299 1350 Ad.
327 1293 388 1351 173
412 1293 467 1351 ubi
493 1293 542 1368 „ei
566 1293 685 1351 misero
708 1293 811 1352 mihi”
835 1293 908 1353 leno
931 1295 1121 1354 verberatus
1149 1296 1260 1356 ululat.

213 1404 287 1463 386.
326 1404 461 1480 „Quidni
495 1422 554 1480 ego
589 1406 745 1466 Thaidem
775 1407 981 1466 meretricem
1010 1407 1167 1468 fallam?'’
1198 1408 1341 1470 Chaerea

168 1518 362 1578 retinentem
380 1519 622 1606 Parmenonem
645 1523 753 1594 rogat:

212 1632 262 1691 An
280 1636 388 1709 potius
408 1635 488 1695 haec
506 1637 598 1709 pati?
618 1651 756 1709 aequum
777 1638 827 1695 est
846 1633 915 1696 fleri
928 1638 964 1695 ut
977 1652 995 1695 a
1007 1653 1060 1696 me
1072 1638 1201 1698 ludatur
1214 1637 1305 1698 dolis.

169 1746 219 1806 Sic
248 1749 345 1823 vulgo
377 1751 489 1826 editur,
523 1751 633 1809 exstat
663 1750 753 1809 varia
783 1750 878 1809 lectio
905 1752 1020 1825 patri
1042 1767 1099 1826 pro
1122 1753 1221 1828 pati,
1247 1754 1338 1813 cuius

168 1876 225 1935 ope
247 1862 414 1936 Bentlejus
437 1864 602 1937 egregium
624 1864 710 1923 huno
733 1864 810 1923 fecit
831 1880 981 1924 versum:

210 1977 260 2034 An
279 1977 388 2050 potius
406 1993 464 2051 par
483 1979 579 2050 atque
599 1980 772 2050 aequumst
790 1980 882 2052 pater
901 1981 939 2038 ut
958 1994 977 2037 a
996 1995 1049 2038 me
1061 1978 1191 2038 ludatur
1203 1979 1308 2038 dolis?

210 2088 301 2149 Certe
332 2092 471 2165 patris
494 2091 617 2150 mentio
640 2092 822 2151 rectissime
842 2092 894 2152 hic
917 2090 963 2151 fit.
988 2093 1072 2152 Nam
1095 2093 1158 2151 uisi
1181 2093 1337 2153 Thaidem

168 2204 325 2277 deceperit
355 2203 497 2264 Chaerea
528 2209 561 2265 et
595 2205 666 2265 dolo
679 2205 683 2224 ⁸
698 2206 737 2264 ab
768 2205 824 2264 illa
853 2206 1014 2280 virginem
1045 2207 1223 2282 abduxerit,
1256 2207 1336 2266 nihil

167 2320 266 2377 restat
297 2319 360 2376 nisi
383 2320 420 2377 ut
447 2334 466 2377 a
495 2321 587 2393 patre
610 2319 780 2392 pecuniam
811 2319 945 2378 abradat
968 2335 1031 2392 qua
1053 2321 1213 2394 virginem
1237 2323 1335 2381 emat.

166 2433 269 2506 Atque
300 2433 334 2490 in
367 2432 498 2492 senibus
532 2433 744 2507 emungendis
767 2434 837 2491 sine
859 2433 926 2492 ulla
948 2432 1101 2507 religione
1124 2435 1211 2493 servi
1234 2434 1335 2494 adole-

166 2546 328 2605 scentibus
352 2547 429 2606 dant
457 2563 597 2621 operam.

631 2787 869 2796 -———-

564 2995 673 3056 Aeros
697 2994 744 3054 III
768 2996 876 3054 Souna
902 2997 930 3054 1.

205 3197 365 3259 Parmeno
389 3215 430 3259 ex
453 3198 522 3258 heri
546 3199 678 3259 aedibus
700 3199 876 3275 procedens
899 3201 936 3258 ut
959 3199 998 3257 ad
1022 3197 1177 3257 Thaidem
1198 3197 1334 3256 deducat

162 3314 312 3373 ancillam
343 3314 470 3388 nigram
502 3317 534 3374 et
557 3315 749 3374 Eunuchum
771 3314 865 3374 illum
889 3312 1089 3386 simulatum,
1115 3311 1243 3370 adstare
1266 3312 1332 3370 iam

162 3433 235 3490 ante
266 3429 397 3490 Thaidis
422 3431 543 3489 ostium
566 3429 766 3490 Thrasonem
789 3431 928 3489 militem
952 3428 1041 3487 videt
1064 3444 1138 3487 cum
1162 3443 1220 3486 suo
1243 3442 1332 3501 para·

161 3545 222 3604 sito
247 3544 424 3604 Gnathone.
449 3543 540 3604 Modo
564 3545 772 3619 advenerunt,
794 3545 850 3603 sed
874 3559 981 3603 senno
1005 3558 1116 3602 eorum
1143 3542 1209 3617 „sic
1227 3541 1333 3615 prodit

161 3660 196 3716 ut
218 3660 292 3732 post
315 3673 447 3718 scenam
467 3658 637 3717 inchoatus
658 3674 729 3717 esse
748 3658 917 3717 videatur’'
938 3656 1210 3730 quemadmodum
1230 3655 1331 3729 perite

161 3771 311 3830 observat
346 3771 534 3831 Scholiasta.
571 3772 670 3831 Audit
704 3770 797 3830 illum
831 3786 1017 3830 sermonem
1048 3786 1089 3829 ex
1124 3786 1182 3829 suo
1214 3768 1331 3842 angulo

161 3882 327 3958 Parmeno
360 3885 448 3944 audit
479 3885 623 3959 ineptam
654 3885 769 3944 militis
800 3885 1009 3944 iactationem
1036 3884 1232 3958 parasitique
1256 3882 1329 3940 adu-

160 3996 314 4058 lationem
349 3999 518 4058 abieotam.
550 4000 656 4057 Pauca
687 3998 845 4071 quaedam
876 4014 918 4056 ex
947 3997 1068 4056 ludicro
1095 3994 1149 4054 illo
1174 3994 1330 4066 colloquio

161 4113 340 4171 accuratius
363 4114 569 4187 aspiciamus.

202 4242 250 4287 vs.
277 4228 350 4287 391.
379 4228 530 4302 „Magnas
554 4243 630 4287 vero
655 4243 748 4301 agere
772 4223 1016 4301 gratiasThais
1039 4223 1120 4282 mihi
1129 4223 1165 4282 ?’'

160 4337 268 4399 Militis
298 4341 396 4400 verba
427 4344 502 4400 sunt
527 4344 622 4414 atque
646 4356 684 4400 ea
710 4341 816 4414 prima
842 4340 1000 4398 Parmeno
1027 4337 1155 4411 excipit.
1184 4336 1328 4394 Annotat

162 4452 354 4515 Scholiasta:
378 4457 470 4531 „plus
489 4457 584 4516 sonat
603 4453 782 4514 infinitivus
794 4454 910 4512 modus
929 4451 1051 4511 finito.'’
1065 4451 1142 4525 Hoc,
1156 4450 1193 4508 ut
1205 4449 1341 4549 opinorp
