3234 5254
735 670 798 728 203

177 870 242 912 non
272 855 479 928 oportuerit.”
512 853 676 929 corrupta.
709 855 773 914 Sub
805 858 1002 930 spectare
1025 856 1106 916 latet
1129 855 1257 928 aliquod
1281 869 1369 923 ver-f

176 968 255 1027 bum
297 968 380 1040 quod
421 968 603 1028 fallendi
641 969 710 1027 vim
744 968 871 1028 habeat.
908 968 1074 1028 Eiusmodi
1110 968 1197 1028 enim
1231 966 1348 1042 verbis,

177 1082 286 1154 qualia
316 1084 392 1141 sunt
422 1097 505 1155 quae
535 1081 588 1142 hic
618 1082 777 1159 leguntur,
807 1083 880 1142 illos
903 1082 1169 1157 reprehendimus
1192 1096 1212 1140 a
1234 1079 1350 1155 quibus

177 1195 350 1269 deceptum
373 1195 412 1254 iri
437 1211 496 1254 nos
519 1197 656 1255 minime
679 1198 998 1271 exspectaveramus,
1249 1267 1253 1274 Ι

223 1310 275 1368 81.
310 1309 424 1384 „Nulla
450 1310 574 1369 mentio
597 1308 635 1368 fit
657 1311 770 1370 uxoris
793 1311 877 1384 apud
899 1310 1144 1385 Demiphonem.
1168 1309 1240 1368 Non
1263 1308 1348 1368 enim

176 1423 328 1483 convenit
359 1425 550 1497 argumento
580 1425 617 1482 ut
647 1423 796 1483 habeat.’'
828 1425 891 1484 Ain
914 1426 1015 1484 vero?
1038 1424 1149 1485 Nonne
1173 1423 1259 1482 recte
1282 1437 1350 1496 pro·

176 1537 305 1596 cederet
345 1537 462 1612 fabula,
499 1536 527 1595 si
563 1536 596 1594 in
631 1537 716 1596 vivis
752 1539 838 1596 esset
872 1537 1083 1612 Demiphonis
1116 1537 1222 1596 uxor?
1257 1535 1351 1605 (Nam

176 1651 327 1710 habuit
350 1653 436 1710 certe
459 1666 605 1726 uxorem,
632 1667 649 1710 6
668 1666 733 1724 qua
751 1651 971 1726 Antiphonem
990 1652 1191 1725 procreavit).
1212 1650 1350 1723 Lege...

176 1765 221 1823 ut
254 1765 517 1823 mentionem
552 1765 709 1824 habeat
742 1780 800 1838 pro
835 1766 880 1824 ut
913 1765 1069 1825 habeat
1104 1767 1137 1824 et
1171 1781 1191 1824 a
1224 1762 1350 1822 Demi-

176 1880 311 1953 phone
334 1895 390 1953 pro
414 1880 519 1953 apud
538 1879 852 1954 Demiphonem.

222 2107 262 2182 11,
296 2109 325 2166 2.
362 2108 419 2182 „In
449 2108 510 2166 hac
540 2122 639 2167 scena
662 2108 701 2166 de
723 2106 876 2180 parasitis
899 2106 1067 2166 vilioribus
1090 2105 1260 2164 Terentius
1283 2121 1351 2178 pro·

177 2221 268 2294 ponit
298 2221 476 2295 imaginem
500 2221 598 2297 vitae,
624 2223 660 2280 ut
684 2221 717 2279 in
740 2221 894 2280 Eunucho
919 2221 957 2280 de
979 2219 1190 2294 potioribus‚”
1215 2218 1351 2294 Quanto·

180 2333 248 2394 cius
284 2334 393 2394 locum
427 2334 511 2393 inter
546 2349 581 2393 se
616 2335 745 2393 mutent
782 2333 1011 2394 vilioribus
1046 2335 1079 2392 et
1101 2332 1351 2407 potioribus.

179 2447 262 2505 Nam
297 2447 458 2523 Phormio,
495 2449 532 2506 ut
566 2448 739 2522 parasitus
771 2445 899 2506 fidelem
930 2462 965 2506 se
995 2446 1127 2521 praebet
1158 2445 1282 2520 amicis,
1306 2446 1352 2504 nil

180 2575 255 2620 vero
280 2561 435 2621 abiectius
459 2576 557 2634 quarn
582 2560 709 2620 Gnatho
733 2561 787 2620 ille
811 2561 844 2619 in
867 2561 1030 2620 Eunucho.

224 2674 343 2733 Statim
375 2675 536 2748 sequitur:
571 2676 622 2750 „et
650 2675 701 2732 his
725 2675 780 2747 qui
803 2690 904 2748 nuper
926 2674 1162 2749 processerunt,
1186 2672 1218 2730 id
1242 2674 1292 2731 est
1315 2672 1353 2731 de

180 2788 468 2847 assentatoribus.”
504 2787 638 2862 Egregie
674 2788 720 2846 de
753 2787 988 2846 vilioribus
1023 2787 1056 2845 et
1090 2786 1135 2844 de
1166 2787 1352 2845 assenta-

179 2902 346 2960 toribus
376 2902 461 2961 inter
491 2917 526 2960 se
558 2902 743 2974 iunguntur.
777 2901 940 2961 Gnathoni
970 2901 1057 2961 enim
1085 2899 1211 2959 nullum
1233 2914 1353 2958 nomen

179 3015 287 3088 aptius
318 3019 367 3075 est
395 3032 494 3090 quam
518 3016 597 3075 illud
621 3017 886 3090 assentator,
911 3016 995 3088 quod
1018 3014 1186 3074 contrairi
1209 3012 1352 3072 Phormi-

179 3143 275 3186 onem
309 3129 445 3188 minime
481 3129 642 3188 convenit.
679 3129 740 3188 Sed
771 3130 847 3203 quid
878 3129 941 3188 isto
973 3131 1013 3188 et
1043 3128 1109 3187 his
1132 3128 1202 3200 qui
1224 3141 1354 3200 nuper

178 3244 487 3316 processerunt
509 3243 629 3302 faciam
652 3259 717 3303 non
739 3243 842 3302 video.

227 3357 276 3415 11.
308 3356 428 3416 Vereor
451 3372 491 3416 ne
515 3357 617 3416 istaec
639 3356 793 3416 fortitudo
818 3356 851 3414 in
874 3371 1012 3415 nervum
1035 3355 1184 3428 erumpat
1207 3353 1352 3427 denique.

224 3469 336 3529 Altera
358 3470 453 3530 lectio
477 3486 651 3529 nervum
672 3470 839 3543 rumpat
859 3468 1027 3528 exstitisse
1045 3467 1182 3526 videtur.
1203 3466 1249 3526 Ea
1268 3469 1354 3526 certe

178 3585 270 3657 parte
301 3584 415 3643 scholii
439 3585 479 3643 ad
502 3585 588 3644 hunc
610 3586 718 3644 locum
742 3583 939 3647 illustratur:
967 3581 1192 3657 „proverbium
1216 3596 1235 3639 a
1258 3561 1367 3654 sagit?

180 3697 274 3755 tariis
305 3699 421 3756 natum
452 3699 519 3757 est:
552 3699 635 3771 quod
667 3697 901 3757 immoderatae
932 3696 1121 3768 plerumque
1149 3694 1236 3752 vires
1259 3693 1353 3752 addu-

180 3811 280 3870 cendo
304 3827 379 3870 arcu
400 3827 464 3870 non
483 3812 587 3871 telum
607 3811 744 3871 incitent
763 3811 820 3870 sed
836 3826 974 3870 nervum
987 3809 1172 3884 rumpant.”
1187 3807 1353 3880 Sequitur:

183 3941 244 4000 „an
279 3941 320 3984 ex
356 3941 393 3985 eo
424 3926 508 3999 quod
531 3941 628 4000 saepe
650 3926 767 3986 fortius
790 3925 944 3984 ferientes
968 3939 1105 3983 nervum
1129 3923 1190 3982 sibi
1213 3922 1355 3994 aliquem

179 4039 346 4098 laedant?”
383 4039 470 4114 Quae
505 4041 670 4100 annotatio
701 4040 749 4098 sio
778 4040 951 4098 lectionem
982 4051 1155 4097 nervum
1189 4035 1356 4108 rumpat

179 4152 338 4212 illustrat:
377 4154 493 4212 fortius
527 4154 681 4213 ferientes
714 4153 881 4223 (absolute)
913 4151 996 4211 sibi
1027 4150 1159 4209 laedunt
1181 4164 1355 4208 nervum

180 4266 321 4338 aliquem
347 4267 479 4336 (brachii
501 4271 580 4341 puta
602 4270 782 4336 manusve).

229 4382 279 4439 13.
373 4379 455 4454 Quoi
478 4396 532 4439 me
557 4395 669 4440 censes
694 4379 843 4440 homines
866 4380 933 4438 iam
958 4377 1185 4437 deverberasse
1208 4390 1311 4447 usque

1142 4489 1193 4560 [ad
1215 4489 1353 4547 necem?
