3234 5254
772 693 835 750 230

217 879 375 950 quantum
410 878 542 950 periculi
577 879 761 951 impendeat
796 878 941 952 patribus
973 893 1014 938 ex
1043 879 1184 938 illiorum
1217 874 1390 935 amoribus.

216 991 344 1050 Etenim
367 992 469 1066 gestu,
495 1006 582 1067 voce,
609 994 683 1050 actu
706 993 925 1052 adiuvandum
950 994 1010 1052 hoc
1033 993 1156 1053 dictum
1176 992 1235 1064 est,
1257 991 1294 1047 ut
1312 988 1393 1045 haec

217 1119 258 1161 err
289 1119 326 1162 eo
357 1105 506 1164 audiatur
536 1106 714 1164 sententia:
750 1121 843 1180 ,ecce
874 1108 1001 1168 autemi
1034 1105 1119 1165 haud
1151 1102 1269 1162 iniuria
1292 1101 1392 1161 etiam

217 1216 382 1290 Chrysidis
406 1220 511 1277 morte
535 1219 671 1293 cognita,
696 1221 809 1278 tamen
831 1221 958 1279 metum
981 1236 1046 1279 non
1068 1218 1273 1293 posueram”.
1298 1215 1338 1272 Et
1356 1215 1394 1272 ut

216 1331 340 1390 malum
372 1332 499 1405 aliquod
531 1332 570 1391 ab
596 1331 653 1391 illa
678 1333 957 1406 „adolescentula”
982 1334 1143 1393 metueret
1165 1331 1301 1390 libertus
1324 1327 1393 1401 ipse

216 1448 371 1518 patronus
395 1445 502 1504 effecit
521 1446 664 1504 addendo
685 1447 843 1506 adiectivo
864 1463 994 1523 uuam,
1017 1464 1089 1522 quo,
1110 1448 1147 1506 ut
1166 1446 1268 1521 perite
1288 1443 1392 1503 obser-

217 1560 274 1618 vat
298 1559 487 1634 Scholiasta,
516 1560 734 1632 ,consuetudo
757 1561 909 1620 mirantis
933 1558 1158 1636 exprimitur.’'

265 1670 419 1746 ,Vultum
443 1673 512 1731 eius
535 1673 709 1732 honestum
730 1674 961 1748 liberalemque
986 1674 1197 1748 admiratuS,”
1222 1672 1270 1730 sic
1292 1685 1393 1728 senex

217 1785 330 1860 pergit,
369 1786 549 1860 ,simulque
584 1787 659 1858 quia
693 1787 776 1846 mihi
805 1787 975 1846 videbatur
1005 1787 1125 1862 insigni
1156 1787 1196 1844 ob
1227 1782 1394 1858 Chrysidis

216 1901 357 1958 mortem
381 1900 498 1959 affecta
521 1900 664 1974 tristitia,
685 1916 768 1973 quae
788 1901 832 1960 sit
851 1902 907 1960 illa
926 1917 1012 1976 rogo,
1035 1902 1207 1974 auditoque
1227 1897 1394 1971 Chrysidis

217 2029 289 2072 esse
312 2029 466 2089 sororem,
492 2014 606 2072 statim
630 2029 760 2073 mecum
784 2018 843 2083 (vs.
871 2016 933 2075 125
958 2019 1034 2088 sq.):

788 2130 873 2188 attat
895 2129 957 2188 hoc
979 2129 1057 2189 illud
1081 2131 1148 2188 est:

352 2241 436 2300 Hinc
458 2241 533 2300 illae
556 2243 719 2317 lacrimae,
745 2243 826 2301 haec
849 2243 938 2303 illast
960 2243 1213 2303 misericordia.”

221 2354 383 2428 „halat”
406 2356 586 2415 Scholiasta
606 2357 652 2414 ait
673 2357 873 2430 „interiectio
894 2360 944 2416 est
964 2358 1187 2416 admirantis.”
1209 2355 1271 2415 Sed
1290 2355 1394 2413 multo

218 2470 335 2528 melius
360 2472 392 2528 11
415 2472 525 2530 nostro
545 2486 671 2544 quoque
688 2471 758 2531 loco
779 2473 886 2545 aptius
906 2474 946 2532 ad
965 2473 1044 2532 Eun.
1065 2487 1114 2532 vs.
1137 2472 1198 2531 727
1221 2471 1260 2529 de
1280 2469 1393 2528 eadem

217 2597 296 2640 voce
327 2584 477 2643 annotat:
513 2585 646 2658 ,attat
672 2585 853 2644 interiectio
877 2588 927 2645 est
950 2586 1108 2660 paulatim
1131 2584 1274 2660 percepti
1297 2584 1394 2655 atque

217 2697 372 2755 intellecti
403 2697 513 2757 mali.’'
545 2699 657 2757 Nonne
688 2715 763 2772 ergo
794 2716 859 2758 una
886 2717 945 2761 111
968 2701 1023 2759 illa
1046 2716 1112 2759 vox
1136 2700 1289 2758 admonet
1312 2697 1394 2756 scire

217 2811 250 2867 et
283 2825 475 2883 persuasum
506 2811 567 2870 sibi
597 2812 716 2871 habere
748 2812 914 2872 Simonem
945 2813 1056 2874 omnia
1086 2814 1166 2872 haec
1196 2826 1232 2869 se
1262 2824 1394 2869 narrare

215 2923 329 2983 liberto
353 2922 541 2986 fidelissimo
564 2927 678 3000 suique
701 2929 953 2989 amantissimo?
976 2929 1086 3002 Neque
1110 2943 1185 2986 eum
1205 2940 1280 2999 spes
1299 2925 1392 2985 fallit.

216 3037 388 3097 Exclamat
408 3040 494 3098 enim
516 3040 608 3099 Sosia
626 3042 797 3113 tamquam
816 3044 935 3116 proprii
954 3042 1088 3116 periculi
1106 3043 1198 3100 metu
1218 3040 1392 3099 sollicitus:

528 3153 631 3228 Quam
654 3154 755 3214 timeo
780 3171 934 3228 quorsum
958 3157 1089 3216 evadas.

259 3402 300 3461 Et
329 3419 463 3476 possum
493 3405 541 3464 sic
570 3406 652 3464 satis
679 3407 810 3480 longam
834 3408 961 3481 patroni
984 3408 1204 3467 narrationem
1228 3421 1393 3480 paucaque

215 3532 234 3576 a
263 3517 378 3577 liberto
409 3519 578 3579 interiecta
608 3521 765 3580 vocabula
795 3522 953 3596 persequi,
981 3523 1045 3581 1111
1068 3522 1150 3580 mihi
1173 3521 1273 3580 nimis
1297 3535 1392 3594 saepe

214 3632 301 3690 esset
324 3632 584 3706 subsistendum;
609 3650 688 3693 uam
711 3635 795 3706 quod
818 3636 858 3694 ad
881 3651 930 3695 vs.
954 3636 1016 3695 132
1037 3638 1173 3696 annotat
1193 3635 1390 3695 Scholiasta:

213 3745 323 3803 omnia
354 3744 397 3803 ibi
426 3746 583 3806 vocabula
613 3749 923 3821 significanter
954 3765 1026 3808 esse
1056 3748 1172 3824 posita,
1205 3749 1237 3808 id
1261 3748 1391 3808 111111

164 3884 167 3892 ·
211 3861 273 3920 hoc
302 3861 371 3919 loco
402 3861 499 3920 valet.
527 3863 634 3934 Atque
657 3863 744 3922 hunc
767 3865 877 3922 actum
900 3867 970 3923 tam
993 3863 1125 3937 plenum
1149 3863 1246 3938 vitae,
1271 3862 1306 3920 11
1329 3878 1402 3935 quo.

212 3990 293 4047 quae
314 3975 463 4034 dicuntur
483 3977 653 4049 tamquam
674 3979 749 4037 ante
770 3978 879 4037 oculos
899 3980 1027 4036 nostros
1048 3978 1101 4052 agi
1122 3977 1294 4052 cernimus,
1309 3977 1393 4036 hanc

210 4090 480 4148 venustissimam
503 4090 681 4164 imaginem
701 4093 789 4151 solus
809 4092 886 4151 iecit
905 4091 1075 4151 Terentius
1096 4091 1185 4150 nulla
1205 4106 1264 4165 ope
1286 4091 1391 4151 aliena

208 4353 265 4398 dein
287 4355 349 4399 mire
370 4356 436 4400 inter
456 4366 483 4400 11
504 4355 647 4400 discordant
661 4355 769 4409 simplex
783 4355 1019 4401 deformatione
1032 4355 1143 4400 narratio
1158 4355 1227 4400 1111
1241 4356 1333 4401 vultu
1351 4367 1393 4400 ax·

208 4433 329 4476 clamatio
351 4433 396 4477 illa
417 4433 591 4478 admirationis
612 4433 692 4486 plena.
714 4433 746 4476 Et
765 4435 849 4478 totum
873 4433 982 4478 simonia
995 4435 1084 4487 pectus
1102 4433 1277 4479 admirationis
1290 4433 1392 4487 plenum

209 4519 267 4552 1111
283 4519 314 4552 ex
328 4519 377 4552 uno
391 4509 434 4553 illo
449 4509 565 4554 vocativo
581 4508 661 4563 Sosia,
679 4509 813 4564 11111111
829 4510 966 4562 interiecto,
979 4510 1020 4556 vel
1035 4511 1129 4564 optime
1143 4511 1253 4564 apparat
