3254 5274
814 705 853 762 12

446 891 531 961 (scis)
555 905 630 949 mea
653 891 787 950 consilia
808 893 846 951 ut
868 892 927 950 tibi
951 893 1081 952 credam
1105 893 1215 953 omnia

246 1003 444 1064 observatio:
469 1007 582 1080 ,urget
601 1005 662 1065 hoo
681 1005 779 1074 Thais
799 1007 882 1079 quod
901 1006 1059 1066 Phaedria
1077 1008 1188 1067 utatur
1205 1009 1418 1069 consultore.’'

246 1117 318 1177 Huc
348 1118 436 1177 enim
466 1121 499 1179 et
529 1119 607 1178 illud
638 1120 814 1196 spectabat,
847 1120 930 1193 quod
961 1136 1009 1180 vs.
1038 1121 1097 1180 101
1131 1122 1281 1195 rogabat:
1310 1122 1418 1198 ,potin
1456 1185 1460 1198 ,

246 1233 297 1290 111
326 1232 379 1291 hio
409 1234 547 1293 tacere.’'
579 1233 666 1294 Duas
698 1234 785 1293 enim
817 1249 869 1293 res
900 1234 999 1293 simul
1029 1235 1063 1293 in
1095 1234 1180 1294 clara
1207 1235 1278 1295 luce
1301 1251 1418 1310 ponere

245 1346 355 1406 studet
385 1346 500 1420 'Phais;
533 1348 566 1406 et
596 1362 694 1419 quam
717 1348 798 1407 bene
821 1348 997 1408 Phaedriae
1021 1363 1129 1409 carere
1151 1348 1255 1422 possit
1277 1349 1417 1424 benigni-

244 1461 322 1535 tate,
356 1476 516 1534 quamque
538 1477 654 1536 parum
677 1462 711 1521 in
733 1462 821 1521 illius
843 1462 1005 1537 potestate
1030 1463 1082 1538 sit,
1109 1464 1141 1522 11
1164 1464 1276 1523 tamen
1299 1479 1375 1523 vere
1399 1480 1418 1523 a

245 1589 281 1632 se
303 1590 406 1634 unum
429 1574 522 1634 illum
545 1575 649 1635 amari
671 1575 832 1650 diligique.

289 1703 337 1746 vs.
365 1689 427 1748 136
454 1689 565 1763 „Miles
584 1689 734 1750 Rhodum
758 1691 933 1750 deversus”
958 1690 1056 1750 Thais
1080 1691 1143 1750 ait:

763 1804 844 1864 emit
867 1820 940 1864 eam
964 1805 1047 1865 dono
1069 1805 1151 1863 mihi

398 1916 590 1990 Imprudens
618 1917 735 1977 harum
759 1933 869 1977 rerum
892 1919 1087 1992 ignarusque
1111 1918 1267 1978 omnium.

244 2030 389 2090 Annotat
419 2031 615 2091 Scholiasta:
650 2032 722 2107 ,hic
754 2032 944 2108 ostenditur,
975 2047 1074 2105 quam
1105 2032 1220 2091 avidus
1243 2033 1275 2091 id
1297 2032 1418 2091 iaceret

244 2146 273 2204 si
296 2161 366 2204 rem
389 2146 519 2219 penitus
542 2148 662 2207 nosset.
690 2147 793 2206 Simul
817 2147 919 2206 etiam
942 2147 1123 2206 ostenditur
1146 2149 1269 2220 quanta
1291 2149 1418 2208 secreta

244 2259 330 2318 dicat
360 2260 545 2336 Phaedriae,
579 2276 659 2334 quae
690 2261 803 2320 rivalis
834 2261 990 2321 nesciat”.
1023 2260 1220 2334 Verissime;
1249 2278 1280 2320 v.
1306 2262 1414 2321 annot.

245 2373 283 2432 de
307 2375 488 2446 quamodo
513 2375 699 2448 agebamus.

288 2503 336 2546 vs
364 2487 444 2547 139:

376 2601 433 2661 Ait
457 2602 573 2672 (miles)
598 2602 627 2661 si
650 2601 747 2662 fidem
771 2603 889 2663 habeat
912 2618 948 2662 se
971 2603 1011 2663 iri
1034 2603 1255 2678 praepositum
1278 2603 1338 2663 tibi

376 2716 470 2790 Apud
493 2697 559 2792 me,¹
582 2732 619 2776 ac
642 2732 706 2776 non
730 2717 762 2776 id
784 2719 921 2794 metuat,
946 2733 986 2777 ne
1010 2718 1065 2777 ubi
1089 2717 1278 2792 acceperim,

377 2831 454 2890 Sese
477 2830 668 2906 relinquam,
693 2831 777 2890 velle
801 2847 836 2891 se
860 2831 951 2891 illam
975 2831 1057 2890 mihi
1080 2831 1165 2906 dare,

375 2943 498 3002 Verum
522 2943 554 3002 id
577 2944 691 3003 vereri.

242 3056 387 3117 Annotat
418 3057 615 3117 Scholiasta:
651 3058 804 3134 ,Semper
835 3060 896 3118 ait
926 3060 1064 3119 dicimus
1096 3076 1195 3134 quum
1226 3060 1279 3118 vel
1310 3060 1416 3118 invisa

242 3170 334 3230 nobis
358 3172 390 3230 et
414 3171 627 3246 audientibus,
652 3171 705 3230 vel
723 3187 809 3232 vana
829 3173 915 3232 dicta
933 3189 1105 3233 narramus
1125 3173 1293 3234 alicuius'’.
1315 3173 1415 3246 Saepe

242 3284 326 3358 apud
358 3300 433 3344 eum
463 3285 599 3344 recurrit
629 3285 806 3345 utilissima
837 3287 917 3346 haec
948 3288 986 3346 de
1019 3288 1114 3346 verbo
1139 3287 1199 3347 ait
1222 3286 1413 3361 observatio,

243 3413 341 3470 quam
364 3413 476 3458 veram
501 3413 573 3458 1111
596 3415 680 3458 unus
704 3400 756 3459 hic
779 3399 869 3460 locus
893 3400 1006 3461 dooere
1030 3402 1147 3476 potest.
1169 3401 1308 3475 Operam
1328 3399 1415 3459 enirn

242 3510 340 3570 Thais
368 3512 423 3571 dat
442 3513 479 3571 ut
497 3513 730 3586 persuadeatur
749 3513 935 3590 Phaedriae,
958 3515 1108 3588 quamvis
1128 3515 1293 3589 egregium
1317 3513 1415 3573 Thais

242 3624 388 3684 amilite
412 3627 580 3700 exspectet
604 3627 733 3701 donum,
758 3628 929 3686 tamense
954 3628 993 3688 ab
1018 3644 1056 3688 ea
1078 3628 1172 3703 longe
1191 3628 1349 3702 longeque
1369 3627 1415 3686 illi

240 3739 403 3814 praeferri,
428 3740 584 3814 illumque
609 3741 781 3816 contemni,
807 3757 842 3801 se
866 3742 979 3802 amari.
1018 3799 1021 3806 .

287 3833 390 3911 Simul
413 3852 493 3912 haec
516 3853 614 3913 Thais
638 3855 865 3925 insinuativa.
894 3856 955 3915 142
980 3861 1057 3930 aql:

790 3970 847 4028 sed
871 3985 929 4043 ego
954 3971 1111 4044 quantum
1136 3969 1281 4044 suspicor

552 4082 601 4140 Ad
625 4081 785 4156 virginem
810 4083 957 4143 animum
981 4083 1107 4143 adiecit.

241 4194 292 4254 Ad
310 4195 395 4254 hunc
414 4195 521 4255 iocum
542 4196 622 4255 duas
642 4195 800 4256 habemus
821 4197 1020 4257 scholiastae
1041 4197 1276 4272 annotationes,
1293 4198 1413 4256 utrem·

240 4324 300 4382 que
331 4309 549 4370 verissimam.
582 4309 695 4369 Altera
726 4311 793 4369 est:
829 4308 1020 4386 ,magnifice
1035 4303 1067 4387 ¹),
1099 4313 1136 4370 ut
1166 4311 1279 4372 rivalis
1302 4311 1412 4372 odium

272 4567 288 4614 ¹)
301 4563 469 4618 Magnifice
485 4563 526 4608 hic
538 4564 651 4619 positum
666 4566 707 4611 est
719 4577 763 4620 pro
778 4566 911 4612 usitatiore
925 4566 969 4613 illo
981 4565 1064 4612 111111
