3254 5274
837 648 879 707 44

363 835 423 894 Sed
447 833 654 894 neminemne
678 835 841 895 curiosum
865 833 1060 895 intervenire
1083 850 1169 894 nunc
1191 835 1273 894 mihi

362 946 421 1021 Qui
444 962 497 1006 me
521 949 675 1020 sequatur
698 963 823 1021 quoquo
846 962 929 1023 earn,
954 947 1121 1022 rogitando
1145 948 1310 1024 obtundat,
1328 948 1440 1023 enicet,

362 1059 442 1134 Quid
460 1059 602 1134 gestiam
622 1063 679 1120 aut
698 1061 773 1134 quid
793 1061 899 1121 laetus
918 1061 991 1136 sim,
1013 1076 1074 1134 quo
1089 1077 1232 1137 pergam,
1246 1062 1331 1122 unde
1344 1078 1441 1122 emer-

1116 1178 1213 1250 [gam,
1238 1175 1293 1234 ubi
1316 1175 1398 1235 siem

360 1285 525 1345 Vestitum
545 1287 631 1347 hunc
653 1290 777 1363 nactus,
799 1287 874 1361 quid
893 1287 975 1347 mihi
995 1303 1157 1364 quaeram,
1172 1303 1272 1348 sanus
1284 1289 1348 1348 sim
1361 1304 1442 1348 anne

1207 1401 1397 1472 [insaniami

272 1512 332 1572 Hic
368 1529 443 1573 eum
474 1513 646 1587 alloquitur
676 1514 828 1590 Antipho,
861 1516 966 1590 atque,
999 1513 1031 1573 id
1062 1515 1145 1588 quod
1176 1516 1262 1574 recte
1293 1516 1442 1575 observat

272 1626 453 1686 Scholiasta
499 1627 565 1696 (sed
610 1628 709 1686 verba
751 1627 821 1687 eius
862 1629 940 1687 sunt
981 1630 1149 1704 corrupta),
1189 1628 1293 1688 facete
1335 1628 1442 1688 omnia

271 1738 432 1799 Chaereae
451 1741 550 1800 verba
569 1741 694 1816 repetit,
715 1742 752 1799 ut
771 1741 854 1800 sciat
873 1740 927 1801 ille
947 1757 982 1801 se
1002 1741 1191 1801 iamdudum
1207 1742 1247 1801 ab
1259 1741 1442 1816 Antiphone

272 1854 445 1913 observari.
1268 1860 1270 1864 ’

315 1965 436 2026 Nactus
467 1983 541 2040 ergo
570 1967 624 2041 qui
648 1967 758 2028 audiat
781 1970 943 2044 rogetque,
969 1968 1008 2028 ab
1032 1968 1124 2028 initio
1148 1967 1310 2028 adfinem
1334 1971 1443 2028 narrat

271 2079 413 2140 Chaerea
444 2096 604 2154 quaenam
634 2069 696 2140 sibi
727 2082 760 2140 in
791 2081 923 2141 Thaidis
954 2080 1086 2141 aedibus
1116 2081 1268 2156 obtigerit
1293 2081 1440 2157 felicitae,

270 2194 442 2268 omniaque
474 2195 746 2268 quemadmodum
777 2196 869 2269 gesta
896 2197 973 2255 sunt
996 2198 1145 2255 accurate
1171 2195 1332 2255 describit.
1358 2194 1443 2270 Quae

271 2307 322 2366 hic
354 2310 498 2382 repetere
530 2308 604 2382 quid
631 2310 735 2383 opus?
758 2309 822 2368 Res
846 2309 934 2368 enim
957 2309 1028 2383 ipsa
1050 2309 1191 2382 loquitur
1215 2311 1247 2368 et
1270 2311 1385 2382 sponte
1408 2325 1442 2368 se

270 2421 364 2481 offert
395 2422 423 2481 ei
454 2422 508 2496 qui
539 2423 644 2482 semet
673 2422 797 2496 legerit.
830 2423 891 2482 Sed
921 2437 1024 2497 pauca
1054 2422 1127 2482 inde
1151 2421 1184 2481 in
1206 2421 1351 2481 medium
1375 2439 1440 2497 pro-

269 2535 448 2595 trahamus.

314 2665 362 2709 vs
388 2650 451 2709 569
477 2665 544 2723 sqq.

357 2763 435 2822 Erat
458 2763 589 2837 quidam
614 2765 788 2840 eunuchus
814 2780 911 2838 quem
934 2767 1099 2824 mercatus
1122 2765 1229 2824 iuerat
1251 2766 1351 2825 frater

1307 2878 1440 2953 [Thaidi

357 2991 467 3065 Neque
490 2991 518 3052 is
542 2992 698 3052 deductus
721 2991 821 3052 etiarn
845 2994 917 3053 tum
941 2992 980 3051 ad
1005 3007 1095 3065 eam;
1118 2992 1308 3052 submonuit
1331 3007 1385 3064 me

1273 3106 1441 3176 [Parmeno

357 3218 405 3278 Ibi
428 3234 552 3294 servus,
578 3219 660 3292 quod
684 3234 742 3294 ego
767 3219 895 3293 arripui.

268 3332 350 3391 Male
375 3348 429 3391 me
452 3332 550 3392 habet
573 3348 621 3391 vs.
647 3334 709 3392 571
735 3333 794 3392 ibi
818 3333 870 3393 vel
893 3333 1001 3407 potius
1024 3333 1114 3392 locus
1137 3332 1192 3391 ubi
1215 3332 1358 3407 positum
1383 3335 1439 3392 est.

269 3444 331 3515 (An
353 3445 436 3505 forte
460 3445 551 3505 eius
575 3461 618 3505 sc.
643 3446 863 3515 Phaedriaeil.

317 3558 435 3632 „Thais
458 3558 512 3617 ubi
535 3574 589 3618 me
612 3574 668 3632 pro
691 3558 844 3618 Eunucho
869 3559 1023 3635 accepit,”

359 3671 572 3732 Commendat
594 3672 765 3746 virginem.
790 3672 851 3732 Aa.
877 3672 981 3748 Quoi?
1005 3671 1130 3732 tibine?
1155 3669 1207 3732 Ch.
1232 3671 1319 3731 Mihi.

1017 3786 1090 3856 [Au.
1116 3785 1203 3845 Satis
1226 3786 1297 3845 tuto
1320 3786 1440 3845 tamen.

272 3900 372 3976 „Quid
392 3899 445 3960 hic
464 3899 542 3959 iacit
561 3901 746 3959 tamen?’'
767 3903 860 3975 rogat
879 3900 1069 3976 Scholiasta,
1091 3902 1123 3959 et
1142 3899 1289 3959 subiicit:
1313 3900 1441 3974 ,utrum

268 4014 345 4074 hoc:
378 4013 440 4073 etsi
463 4013 620 4072 meretrix
643 4015 755 4073 tamen
778 4013 860 4073 satis
883 4015 954 4073 tuto
978 4013 1069 4088 agit?
1091 4014 1160 4072 An:
1185 4014 1247 4074 etsi
1271 4012 1439 4087 Chaereae,

269 4127 351 4187 satis
382 4128 453 4186 tuto
483 4121 604 4201 tamen,
639 4127 713 4199 qula
744 4127 852 4186 nullus
883 4126 1014 4186 accedet
1045 4125 1128 4185 alius
1136 4127 1173 4184 ‘?’'
1205 4125 1287 4184 Illud
1317 4125 1440 4189 malim.

268 4241 396 4315 Belgice
417 4241 464 4301 sic
483 4241 550 4300 fere
569 4241 762 4300 vertendum
781 4244 818 4301 ut
837 4241 972 4300 ridentis
992 4240 1187 4315 Antiphonis
1198 4256 1264 4299 vox
1276 4239 1441 4300 audiatur:

271 4354 350 4431 ,Nu,
375 4355 431 4414 dat
453 4369 523 4413 was
546 4354 609 4413 dan
632 4355 707 4414 toch
731 4369 809 4414 voor
832 4354 912 4414 haar
935 4354 1017 4413 doen
1040 4369 1103 4427 nog
1123 4353 1154 4413 al
1173 4352 1373 4427 voorzichtig
1391 4368 1441 4428 ge·

267 4467 438 4532 handeld.”
464 4467 528 4532 Ct:
553 4468 628 4531 huic
651 4467 788 4532 mandes
811 4466 916 4546 siquid
940 4468 1027 4530 recte
1051 4469 1200 4531 curatum
1226 4466 1324 4532 velis..
