3230 5260
855 645 917 706 128

296 838 453 912 scriptum
473 854 529 912 pro
550 840 699 898 autem.
720 838 803 897 Nam
824 837 1007 896 rectissime
1020 837 1117 897 habet
1137 839 1456 914 adverbialiter,

295 954 333 1012 de
365 969 426 1026 quo
457 952 703 1012 Westerhvvius
730 951 899 1010 dubitavit.
925 951 994 1010 Hoc
1018 951 1105 1010 enim
1129 952 1190 1011 sibi
1213 952 1285 1012 vult
1307 969 1372 1012 vox
1393 952 1457 1011 illa:

297 1067 387 1141 „Non
417 1068 560 1141 urgenda
588 1066 688 1125 verba
714 1067 807 1124 sunt:
832 1064 950 1123 locutio
975 1065 1062 1123 enim
1086 1065 1166 1124 haec
1189 1068 1240 1125 est
1263 1082 1280 1125 e
1304 1065 1459 1126 communi

294 1196 443 1241 sermone
467 1181 670 1240 hominum.”

341 1296 390 1354 18.
427 1295 532 1370 Quin
573 1296 617 1353 tu
652 1309 729 1352 uno
764 1293 891 1352 verbo
926 1293 1002 1364 dic]
1041 1293 1134 1367 „Una
1168 1294 1330 1354 sententia
1363 1295 1399 1353 ut
1430 1292 1459 1352 in

293 1409 463 1482 Adelphis:

628 1538 739 1581 meum
764 1522 842 1580 illud
865 1522 1001 1580 verbum
1024 1522 1116 1597 facio,
1142 1522 1226 1595 quod
1249 1523 1294 1597 tu,
1320 1521 1418 1596 Micio,

359 1638 446 1695 Bene
459 1652 496 1696 ac
508 1636 671 1710 sapienter
684 1636 766 1694 dixti
779 1636 917 1695 dudum:
931 1631 1235 1695 vitium'commune
1247 1637 1394 1696 omnium
1405 1637 1457 1710 est,

360 1749 448 1824 Quod
472 1751 611 1809 nimium
636 1750 768 1808 adrem
792 1749 827 1807 in
849 1750 981 1808 senecta
1005 1749 1124 1808 attenti
1146 1764 1270 1809 sumus.

293 1864 376 1922 Nam
411 1864 497 1922 male
533 1862 685 1937 intelligit
716 1862 770 1935 qui
802 1864 895 1937 putat
919 1863 1151 1922 assimules
1174 1863 1347 1923 verbum
1370 1862 1457 1936 signi-

291 1974 420 2036 ficare.’'
457 1976 612 2051 Corrupta
646 1978 812 2050 postrema
846 1978 925 2036 sunt·
953 1978 1049 2050 atque
1081 1977 1128 2036 sic
1158 1977 1225 2036 fere
1249 1976 1457 2036 emendanda:

294 2105 391 2165 ,nam
411 2091 497 2150 male
517 2090 670 2165 intelligit
689 2091 744 2164 qui
762 2092 856 2164 putat
876 2091 1099 2150 assimiles
1111 2091 1247 2150 verbum
1260 2089 1457 2164 significari.”

291 2204 361 2263 Hoc
393 2206 480 2263 enim
511 2205 598 2264 vult:
626 2205 817 2279 ,verbum
842 2204 894 2263 hic
918 2207 968 2264 est
991 2204 1226 2276 sententia3
1251 2205 1359 2286 itaque
1382 2205 1458 2276 inep-

291 2318 377 2376 tiunt
412 2319 465 2391 qui
498 2318 695 2378 contendunt
726 2318 868 2391 aliquam
891 2317 1089 2377 intercedere
1113 2318 1273 2378 rationem
1297 2318 1380 2377 inter
1405 2317 1459 2375 hoc

291 2448 370 2491 uno
394 2433 521 2492 verbo
545 2435 642 2506 atque
661 2433 739 2491 illud
760 2431 997 2507 assimiles,
1020 2448 1082 2505 quo
1102 2447 1181 2492 mox
1202 2433 1290 2492 Simo
1311 2436 1369 2502 (vs
1392 2433 1458 2501 141)

291 2563 408 2606 usurus
440 2547 522 2605 est.”
554 2547 637 2605 Nam
668 2545 769 2605 fuisse
798 2546 851 2619 qui
875 2547 908 2603 in
932 2545 1122 2619 explicando
1144 2561 1223 2605 uno
1247 2547 1374 2606 verbo
1396 2547 1459 2604 tarn

290 2661 397 2734 inepte
422 2661 595 2720 delirarent
618 2661 805 2734 proximum
825 2661 917 2719 docet
937 2659 1091 2735 scholion,
1113 2660 1168 2719 ubi
1187 2660 1219 2719 id
1231 2661 1339 2734 ipsum
1351 2659 1460 2719 dicitur

290 2775 374 2847 quod
397 2776 507 2834 nostro
532 2775 782 2834 condemnatur:
807 2775 868 2832 ita
891 2775 1066 2844 faciam]
1094 2775 1183 2849 ,Hoc
1204 2776 1263 2851 est,
1285 2789 1349 2833 uno
1368 2773 1460 2832 verbo

290 2887 412 2962 dicam;
449 2891 482 2948 et
517 2889 599 2962 quod
634 2889 770 2948 verbum
805 2888 967 2962 promittit
1002 2888 1046 2947 ibi
1080 2889 1173 2947 dicit:
1206 2888 1320 2947 Nunc
1350 2889 1461 2946 tuum

289 3002 486 3062 officium
511 3004 591 3078 est,
618 3003 692 3062 has
714 3004 818 3062 bene
842 3004 885 3061 ut
909 3003 1131 3062 assimiles
1155 3003 1362 3076 nuptiae.”

334 3117 386 3175 31.
415 3117 563 3176 Eorum
600 3117 776 3191 obsequi
800 3117 972 3187 studiis]
1008 3117 1140 3191 ,Talem
1164 3131 1236 3176 esse
1259 3115 1461 3190 Pamphilum

289 3229 422 3288 adiuvat
452 3232 681 3303 argumentum
705 3231 841 3305 fabulae,
867 3230 965 3290 simul
990 3231 1023 3289 et
1046 3228 1254 3290 Charinum.”
1280 3231 1358 3289 Mire
1382 3230 1462 3288 dicta

289 3341 385 3414 haec;
411 3346 559 3417 corrupta
582 3347 694 3403 tamen
718 3360 781 3403 non
801 3345 960 3403 videntur.
981 3345 1050 3403 Hoc
1070 3344 1158 3403 enim
1177 3344 1249 3402 vult
1268 3343 1461 3404 Scholiasta:

292 3456 388 3529 ,Mite
412 3456 490 3515 illud
514 3459 546 3516 et
570 3458 714 3517 clemens
733 3457 894 3531 Pamphili
914 3458 1081 3531 ingenium
1100 3459 1208 3516 totum
1227 3456 1355 3517 fabulae
1376 3473 1461 3531 argu·

289 3570 438 3627 mentum
462 3571 566 3630 reddit
589 3571 783 3644 verisimile;
809 3571 907 3630 simul
932 3570 1009 3629 illud
1033 3571 1175 3644 proderit
1197 3569 1352 3630 Charino:
1373 3570 1462 3630 facile

289 3683 375 3741 enim
400 3683 484 3743 inter
508 3685 588 3742 duos
613 3685 746 3743 iuvenes
770 3685 842 3743 rixa
866 3684 941 3743 oriri
965 3684 1133 3758 potuisset,
1159 3684 1222 3742 nisi
1245 3684 1328 3743 alter
1354 3699 1463 3744 eorum

288 3798 358 3855 tam
382 3798 575 3856 mansuetus
598 3797 724 3857 fuisset.

333 3911 385 3970 42.
417 3910 606 3980 Interea]
642 3912 790 3986 ,Interea
821 3914 880 3987 est,
911 3928 984 3971 cum
1009 3913 1107 3972 habet
1130 3912 1321 3972 instantiam
1346 3912 1462 3988 superi·

287 4040 380 4083 orum
405 4026 583 4085 actorum.”
608 4025 724 4099 Ecquis
748 4025 828 4084 haec
849 4025 1024 4099 intelligit?
1043 4027 1095 4086 An
1114 4026 1194 4085 haec
1215 4029 1265 4085 est
1284 4028 1461 4087 sententia:

287 4138 455 4198 interea
478 4141 550 4198 tum
573 4140 703 4212 ponitur
727 4155 801 4198 cum
824 4155 966 4199 novare
990 4141 1098 4199 oblata
1122 4140 1185 4215 ille,
1210 4141 1265 4213 qui
1285 4141 1460 4213 anteafuit,

287 4267 395 4310 rerum
416 4253 569 4312 decursus
590 4254 696 4313 subito
717 4254 853 4328 sistitur,
876 4269 1016 4326 moxque
1037 4254 1070 4313 in
1091 4253 1461 4314 contrariumvertitur?

332 4367 384 4425 44.
420 4366 593 4441 „Chrysis”
627 4368 673 4426 sio
703 4368 769 4426 fere
795 4367 976 4426 Scholiasta
998 4367 1140 4440 loquitur
1165 4368 1336 4443 ,omnibus
1359 4366 1460 4426 modis

287 4482 337 4538 est
360 4483 526 4554 purganda
549 4482 807 4555 excusandaque,
829 4481 982 4554 quoniam
1005 4481 1189 4553 Glycerium
1210 4497 1376 4554 nunquam
1396 4478 1460 4538 fieri
