3230 5260
824 656 865 716 93

256 845 358 917 rogat.
392 843 491 903 Addit
517 843 616 902 irater
639 859 741 917 pauca
764 844 860 902 haec:
888 844 1005 918 „proba
1029 846 1061 904 et
1084 845 1263 920 modesta,”
1288 846 1320 904 et
1343 844 1427 904 Mici·
1519 837 1525 848 '

258 972 353 1015 onem
377 956 493 1030 aspicit
516 971 708 1030 responsum
732 959 801 1016 eius
822 959 1025 1031 exspectans.
1045 958 1090 1017 At
1108 958 1162 1017 ille
1181 957 1228 1017 nil
1247 957 1334 1018 aliud
1346 957 1426 1017 nisi:

260 1070 325 1144 „ita
348 1069 471 1130 aiunt.”
497 1070 563 1146 Quo
588 1071 648 1130 hoc
671 1071 764 1129 vultu
788 1071 873 1131 dicat
896 1071 989 1131 Micio
1013 1072 1105 1132 docet
1128 1072 1309 1132 Scholiasta
1332 1087 1427 1131 anno-

257 1184 370 1243 tando:
409 1183 489 1257 „ita
524 1184 659 1244 aiunt:
694 1184 764 1244 Hoc
798 1184 845 1244 ita
879 1185 1059 1261 respondet,
1096 1186 1189 1259 quasi
1224 1186 1325 1246 dicat:
1357 1186 1428 1247 sed

257 1298 354 1369 quid
376 1298 510 1357 mea?'’
937 1364 939 1370 ,

301 1411 430 1471 Phorm.
449 1413 501 1472 86.
524 1411 604 1486 Quid
623 1412 746 1472 factum
766 1413 810 1472 sit
822 1414 1008 1474 absentibus
1020 1415 1160 1490 senibus,
1175 1415 1276 1475 altero
1288 1414 1427 1490 domino,

257 1525 359 1584 altero
382 1525 478 1585 huius
501 1526 610 1601 fratre,
635 1528 747 1586 narrat
765 1526 846 1586 Geta
865 1542 989 1603 servus
1012 1529 1063 1588 cui
1082 1529 1212 1588 illorum
1231 1512 1289 1588 diii
1309 1528 1428 1588 adoles-

257 1641 367 1698 centes
391 1639 520 1699 fuerant
542 1640 727 1700 commissi:

390 1753 507 1814 Noster
528 1754 608 1813 mali
631 1754 677 1813 1111
700 1755 872 1828 quicquam
895 1756 1017 1830 primo:
1041 1756 1094 1816 hic
1116 1755 1275 1816 Phaedria

391 1865 549 1926 Continuo
573 1867 735 1940 quandam
759 1870 874 1928 nactus
898 1871 949 1928 est
971 1868 1148 1942 puellulam

392 1979 649 2040 citharistriam:
674 1981 758 2040 hanc
781 1997 892 2041 amare
917 1981 1022 2056 coepit
1044 1982 1177 2057 perdite.

391 2095 436 2155 Ea
459 2096 622 2156 serviebat
644 2096 752 2157 lenoni
776 2097 1016 2171 impurissimo:

391 2209 500 2282 Neque
524 2210 608 2282 quod
631 2210 761 2270 daretur
783 2211 972 2284 quicquam:
997 2210 1029 2269 id
1053 2212 1203 2270 curarant
1226 2211 1344 2283 patres.

392 2322 549 2382 Restabat
572 2323 658 2383 aliud
681 2323 727 2382 nil
750 2323 812 2382 nisi
837 2324 947 2384 oculos
970 2339 1127 2398 pascere..

393 2437 524 2512 sectari,
549 2437 583 2495 in
606 2437 719 2498 ludum
743 2437 857 2497 ducere
881 2440 914 2497 et
936 2438 1097 2498 reducere.

392 2550 458 2609 Nos
482 2549 577 2610 otiosi
601 2565 732 2624 operam
756 2551 913 2610 dabamus
933 2551 1119 2611 Phaedriae.

260 2663 359 2723 Arida
378 2665 458 2724 haec
474 2666 506 2724 et
519 2664 614 2724 exilis
626 2665 729 2724 videri
739 2666 851 2739 posset
862 2665 1012 2741 narratio,
1028 2666 1292 2724 ornamentorum
1305 2680 1429 2739 expers,

260 2777 323 2836 nisi
353 2792 412 2836 nos
444 2778 625 2838 Scholiasta
655 2779 784 2838 doceret
811 2779 927 2838 Getam
951 2779 1049 2839 iocari
1072 2779 1180 2838 verbis
1204 2778 1430 2838 sectari...

260 2892 477 2968 reducere,
506 2893 559 2952 vel
581 2893 689 2967 potius
713 2893 874 2966 cavillari3
898 2895 986 2953 recte
1010 2894 1153 2953 enimet
1176 2908 1217 2952 ex
1241 2891 1320 2951 artis
1343 2908 1431 2967 prae·

261 3004 362 3079 ceptis
382 3005 442 3065 hoc
460 3007 596 3065 verbum
616 3007 759 3080 positum
779 3009 830 3066 est
849 3007 884 3066 in
902 3007 1104 3081 lepidissima
1123 3008 1193 3066 eius
1205 3005 1430 3064 annotatione:

264 3119 369 3193 „Bene
400 3119 571 3178 cavillatus
598 3121 648 3178 est
672 3122 705 3179 et
728 3120 912 3180 ioculariter
935 3121 969 3179 in
992 3120 1239 3198 adolescentem,
1265 3120 1317 3181 cui
1340 3121 1432 3180 aetas

262 3231 309 3290 ad
331 3233 561 3292 sectandos
584 3232 866 3307 philosophos
889 3236 966 3308 apta
989 3235 1090 3294 erat.’'

305 3344 434 3406 Phorm.
471 3346 545 3406 273.
581 3345 733 3421 Antipho,
769 3348 806 3406 ut
839 3361 973 3406 securus
1007 3363 1082 3407 curn
1112 3361 1173 3407 sua
1195 3346 1301 3408 amica
1323 3348 1433 3409 vivere

261 3462 380 3535 posset,
406 3475 481 3519 cum
504 3459 698 3519 Phormione
717 3459 764 3519 ita
784 3459 929 3521 collusit:
951 3461 1065 3521 abillo
1085 3462 1118 3521 in
1138 3462 1188 3524 ius
1207 3464 1332 3523 tractus
1350 3464 1432 3522 tam-

262 3589 360 3649 quam
391 3573 419 3633 si
450 3572 556 3632 amica
586 3573 642 3632 illa
673 3569 826 3651 ἐπίκληρος
851 3576 939 3634 esset
961 3577 1058 3650 atque
1081 3576 1150 3651 ipse
1173 3577 1243 3637 eius
1266 3578 1431 3652 cognatus,

262 3703 358 3761 quem
381 3687 469 3760 leges
493 3701 566 3745 eam
590 3686 705 3746 ducere
728 3702 865 3747 uxorem
887 3687 1043 3765 iuberent,
1068 3691 1203 3750 tacendo
1227 3705 1262 3749 se
1286 3690 1432 3749 condem·

262 3801 332 3860 nari
366 3816 482 3875 passus
518 3802 577 3860 est.
609 3800 705 3859 Pater
735 3816 884 3860 reversus
915 3803 1012 3877 atque
1035 3803 1111 3876 quid
1135 3805 1278 3864 evenerit
1301 3804 1433 3863 edoctus

262 3914 404 3989 graviter
427 3915 596 3972 succenset
619 3914 828 3988 maximeque
846 3913 922 3991 fllio,
944 3931 1041 3989 quem
1059 3918 1158 3992 probe
1177 3917 1330 3992 intelligit
1348 3917 1433 3975 ultro

262 4027 295 4086 in
314 4027 406 4087 illam
426 4027 630 4087 Phormionis
649 4027 779 4102 plagam
798 4027 1022 4090 incucurrisse.
1039 4030 1187 4106 Dumque
1206 4031 1292 4091 filius
1307 4032 1433 4105 patrem

262 4143 413 4200 metuens
435 4140 553 4216 latitat,
579 4155 712 4200 causam
736 4141 805 4200 eius
829 4142 896 4216 agit
914 4143 1014 4203 irater
1031 4145 1187 4219 patruelis
1206 4143 1363 4203 Phaedria
1382 4142 1434 4201 his

262 4253 371 4313 verus
396 4226 610 4324 (erossareu

375 4342 410 4426 Si
433 4369 492 4444 est,
517 4369 641 4443 patrue,
667 4368 795 4441 culpam
817 4370 855 4428 ut
877 4369 1020 4444 Antipho
1044 4370 1078 4429 in
1100 4386 1136 4430 se
1159 4370 1327 4430 admiserit

375 4481 423 4539 Ex
447 4496 510 4554 qua
532 4497 567 4539 re
590 4480 698 4539 minus
722 4481 768 4539 rei
790 4481 873 4540 foret
896 4484 953 4541 aut
974 4483 1082 4543 famae
1104 4486 1299 4562 temperans
