3230 5260
716 648 777 707 157

158 841 316 912 quantum
351 839 446 898 licere
481 835 622 910 oportuit
656 835 813 910 ostendet,
846 850 944 908 quam
974 835 1093 896 misere
1124 837 1204 896 nihil
1234 837 1332 897 liceat

156 951 383 1012 Parmenoni.”
415 949 572 1024 Equidem
598 948 682 1007 hanc
704 963 846 1023 propono
870 948 1059 1008 lectionem:
1087 965 1148 1025 „ex
1172 965 1329 1023 1111111-

156 1067 228 1124 tum
259 1065 355 1124 liceat
385 1063 528 1138 parasito
551 1061 692 1122 ostendit
715 1064 748 1121 et
771 1077 870 1134 quam
892 1062 1011 1121 misere
1035 1062 1115 1122 nihil
1138 1063 1234 1123 liceat
1257 1064 1329 1122 Par-

155 1179 320 1238 menoni.”
353 1175 565 1237 Sabbadinius
594 1190 671 1234 vero
702 1174 810 1233 locum
841 1174 889 1234 sic
911 1175 1059 1234 refinxit:
1087 1176 1189 1252 „Age
1212 1178 1330 1236 modo

159 1293 269 1366 <i>
297 1307 403 1352 nunc
425 1290 506 1350 tihi
529 1291 678 1364 patent
700 1288 776 1348 hae
799 1289 924 1359 fores]
950 1304 991 1348 ex
1015 1305 1052 1348 eo
1075 1291 1234 1362 quantum
1257 1291 1329 1349 Par-

155 1406 288 1465 menoni
311 1405 407 1464 licere
434 1409 469 1477 <
483 1403 576 1473 ire>
605 1401 746 1476 oportuit
769 1402 919 1478 ostendit,
945 1403 1095 1476 quamvis
1119 1403 1164 1462 ire
1183 1403 1264 1462 nihil
1284 1402 1331 1461 1111

154 1519 284 1578 111111.”
306 1518 409 1593 Quam
429 1517 548 1577 vellem
571 1531 630 1576 suo
654 1514 781 1589 ingenio
805 1515 858 1574 hic
880 1530 960 1574 usus
984 1518 1071 1574 esset
1094 1515 1144 1575 vir
1166 1518 1329 1590 praestan-

154 1633 322 1691 tissimus:
354 1647 432 1690 nam
463 1621 548 1691 nunc
579 1630 651 1688 illos
681 1629 830 1688 imitatus
860 1629 997 1704 videtur,
1022 1629 1077 1702 qui
1100 1629 1247 1689 codicum
1270 1629 1329 1688 lec-

154 1745 262 1804 tiones
288 1745 488 1819 coacervant,
513 1743 542 1802 si
565 1741 646 1803 forte
671 1758 712 1802 11
736 1742 866 1802 illarum
889 1742 982 1802 ruina
1005 1758 1083 1802 vera
1105 1743 1200 1803 lectio
1225 1742 1331 1817 colligi

154 1859 269 1932 possit.

200 1975 254 2032 56.
287 1973 443 2046 Nequis
474 1973 586 2030 forte
609 1970 919 2040 internuntius]
947 1986 1008 2044 „ex
1032 1970 1083 2029 his
1106 1971 1213 2031 verbis
1236 1972 1331 2032 datur

155 2085 336 2160 intelligere
355 2086 535 2161 parasitum
556 2101 573 2145 e
593 2086 688 2144 domo
708 2084 892 2143 meretricia
911 2084 1050 2158 egredi.”
1071 2085 1142 2143 Non
1162 2099 1204 2144 11
1223 2085 1330 2144 verbis

154 2202 273 2274 quibus
307 2201 410 2260 utitur
439 2200 602 2275 parasitus
633 2200 664 2258 id
696 2201 837 2274 apparet,
870 2198 926 2257 sed
957 2214 999 2257 11
1029 2213 1066 2258 11
1097 2200 1181 2272 quod
1211 2199 1330 2259 iterum

154 2314 392 2374 Parmenonem
413 2314 586 2387 alloquitur
606 2328 681 2372 cum
700 2313 794 2387 paulo
811 2315 886 2372 ante
898 2312 1029 2372 Thaidis
1042 2312 1137 2372 aedes
1150 2314 1328 2373 intraverit.

200 2545 242 2620 ΙΙ,
268 2544 298 2619 3,
324 2545 354 2602 9.
379 2543 536 2602 Praeut
559 2540 684 2600 huius
707 2540 850 2600 rabies
873 2556 976 2613 quae
1000 2540 1128 2612 dabit]
1152 2557 1269 2617 „prae
1289 2558 1331 2601 11

155 2658 396 2732 comparatione
427 2655 597 2732 significat.
629 2654 711 2728 Ergo
741 2654 884 2728 proprie;
917 2656 950 2713 et
980 2657 1030 2714 est
1060 2655 1186 2730 integra
1212 2656 1330 2716 locutio

155 2774 188 2831 et
219 2773 296 2831 ordo
328 2773 395 2830 est:
427 2772 541 2844 praeut
572 2769 627 2828 illa
658 2770 735 2827 sunt
761 2783 843 2840 quae
866 2767 963 2826 huius
986 2768 1091 2827 rabies
1115 2769 1234 2828 dabit.”
1258 2769 1331 2828 Est

154 2887 240 2958 quod
263 2887 336 2958 post
360 2884 458 2943 ordo
481 2883 599 2956 legitur
621 2882 732 2953 utique
756 2881 988 2954 obiiciendum
1013 2897 1077 2940 non
1100 2881 1164 2955 legi
1183 2882 1217 2940 11
1240 2882 1328 2941 codd.

154 2998 189 3058 Τ.
213 3015 246 3058 v.
271 2997 484 3057 Sabbadinius
508 3012 567 3056 nos
590 2997 691 3055 docet.
716 2994 762 3053 De
782 2994 951 3068 proprie
971 3009 1001 3053 1.
1024 2995 1063 3053 ad
1083 2995 1123 3070 II,
1147 2996 1176 3070 2,
1199 2994 1328 3070 11111

154 3112 290 3186 legitur:
318 3111 463 3186 „proprie
487 3109 737 3169 internuntius”

199 3226 330 3284 Auditis
354 3223 515 3284 Chaereae
538 3222 645 3282 verbis
669 3223 827 3282 Parmeno
848 3221 1062 3281 exclamavit:

667 3351 685 3395 o
709 3335 945 3393 infortunatum
969 3335 1098 3394 seneml

335 3453 397 3511 Hic
419 3467 496 3511 1111
520 3453 570 3510 111
593 3451 647 3524 qui
671 3449 700 3508 si
723 3448 890 3524 occeperit,

334 3566 460 3625 Ludum
484 3563 654 3636 iocumque
677 3562 762 3620 dicet
787 3561 888 3620 fuisse
911 3560 1004 3620 illum
1028 3559 1176 3636 alterum,

334 3679 453 3738 Praeut
476 3676 572 3736 huius
596 3675 701 3735 rabies
725 3690 807 3748 quae
830 3674 928 3734 dabit.

155 3795 356 3854 Annotatur:
392 3791 463 3867 „hic
492 3805 533 3848 11
556 3791 647 3863 parte
671 3787 866 3848 characteris
890 3786 1012 3846 inscius
1035 3787 1166 3860 quidem
1190 3789 1240 3846 est
1262 3802 1328 3860 per-

155 3889 255 3968 sonae
283 3904 453 3980 Chaereae,
478 3918 576 3977 quem
598 3902 743 3962 moribus
767 3899 896 3959 coniicit
918 3914 1033 3958 servus
1057 3899 1272 3959 ardentiorem
1296 3899 1329 3956 in

156 4036 303 4081 amorem
322 4018 392 4078 fieri
410 4018 537 4093 posse.”
558 4016 624 4074 Aut
645 4016 794 4088 corrupta
812 4013 893 4072 haec
904 4014 981 4072 sunt
994 4013 1051 4071 aut
1061 4012 1329 4086 pronominehio

155 4138 248 4209 pater
260 4133 421 4194 Chaereae
433 4129 642 4206 significatur.
657 4127 868 4187 Sabbadinius
881 4125 1026 4186 coniicit:
1047 4126 1123 4184 hoc
1142 4141 1190 4184 11
1209 4127 1328 4199 parte

156 4247 426 4308 characteris
456 4245 588 4304 istius
619 4241 785 4315 quidem
817 4242 891 4299 111.
917 4238 984 4313 Quo
1007 4239 1130 4296 sensu?
1153 4238 1294 4296 obsecro.

203 4361 265 4437 „Et
287 4360 339 4420 hic
362 4358 542 4419 ostenditur
566 4353 757 4428 iampridem
780 4355 890 4411 motus
914 4351 947 4411 in
970 4366 1022 4410 res
1045 4350 1207 4409 Venereas
1231 4349 1327 4410 Chae-

156 4475 279 4535 ream.''
304 4471 497 4532 Rectissime
522 4467 733 4528 Sabbadinius
758 4465 943 4525 Chaerea
965 4478 1021 4538 pro
1046 4462 1282 4522 Chaeream.
