3234 5254
765 671 829 730 222

208 874 369 933 nusquam
400 860 511 933 patere
541 857 652 917 rimas.
684 857 746 917 Sed
777 874 840 932 quo
871 859 977 933 magis
1001 861 1155 934 appareat
1177 862 1317 932 quantus
1339 860 1388 920 sit

209 973 327 1032 artifex
358 972 537 1047 Terentius,
567 986 729 1045 quamque
752 972 875 1046 peritus
899 973 979 1032 artis
1002 974 1159 1048 scenicae,
1184 975 1387 1033 Andriam

209 1087 279 1145 eius
311 1101 385 1146 cum
408 1085 575 1145 Menandri
597 1085 788 1159 cognomine
811 1085 920 1144 fabula
944 1087 1153 1160 comparabo:
1177 1087 1225 1146 sic
1248 1087 1388 1146 elucebit

209 1201 329 1271 quanto
371 1199 427 1258 illc
468 1199 544 1260 huic
577 1200 729 1274 praestet.
766 1199 956 1258 Versabitur
990 1199 1165 1274 disputatio
1200 1201 1234 1259 in
1267 1200 1388 1274 duplici

209 1315 410 1388 argumente.

191 1493 194 1499 Δ
253 1425 284 1490 Ι.
309 1427 401 1487 Sosia
433 1441 562 1502 coquus,
596 1427 738 1487 Simonis
761 1427 906 1501 libertae,
932 1443 950 1487 a
973 1427 1124 1487 Terentio
1148 1429 1199 1487 est
1222 1427 1386 1487 inventus.

252 1539 305 1605 ΙΙ.
330 1539 489 1601 Charinus
512 1542 688 1616 Byrriaque
712 1557 731 1602 a
755 1542 904 1602 Terentio
929 1542 1038 1602 additi.
1063 1543 1182 1602 Utrum
1203 1541 1242 1600 ab
1263 1555 1298 1600 eo
1318 1541 1388 1599 sint

208 1653 333 1713 inventi
368 1670 409 1714 an
445 1670 486 1714 ex
517 1655 582 1715 alia
611 1656 762 1715 translati
788 1656 898 1716 fabula
921 1656 966 1714 nil
990 1657 1097 1732 refert,
1123 1657 1180 1715 sed
1204 1654 1281 1714 illud
1304 1655 1386 1713 veri-

208 1767 359 1827 similius

254 1881 418 1940 Menandri
453 1881 575 1941 Andria
610 1897 629 1941 a
663 1882 832 1955 soliloquio
864 1883 995 1958 orditur,
1028 1881 1062 1940 in
1085 1883 1270 1942 Perinthiae
1293 1881 1388 1941 initio

209 1994 403 2068 colloquium
424 1995 475 2054 est
495 1995 583 2053 senis
603 1995 794 2068 uxorisque:
816 2011 890 2069 ergo
911 1995 1004 2069 coqui
1023 2011 1196 2070 personam
1216 1996 1388 2055 Terentius

208 2106 304 2168 finxit
340 2110 372 2166 et
406 2123 471 2166 non
505 2108 612 2167 solum
646 2108 754 2183 verba,
792 2107 908 2180 quibus
943 2109 1011 2182 ipse
1045 2108 1157 2183 utitur,
1194 2109 1250 2168 sed
1285 2110 1387 2168 etiam

209 2222 324 2294 quibus
355 2236 430 2279 eum
462 2221 632 2294 tamquam
662 2221 816 2280 libertum
848 2221 1020 2294 alloquitur
1051 2237 1161 2297 senex,
1194 2222 1388 2282 aTerentio

209 2335 286 2393 sunt
309 2349 373 2394 non
397 2350 414 2393 e
439 2321 560 2395 Graeco
581 2334 760 2410 exemplari
781 2335 887 2408 aliquo
907 2335 1003 2396 modo
1023 2336 1184 2396 translata
1203 2337 1259 2395 sed
1282 2351 1388 2411 ,nova

208 2448 327 2508 facta.”
363 2448 469 2520 Atque
503 2448 583 2508 haec
617 2447 747 2520 quidem
778 2463 839 2524 res,
872 2448 948 2508 licet
978 2449 1080 2509 totius
1103 2449 1230 2509 fabulae
1254 2465 1386 2509 oecono-

209 2562 312 2621 miam
354 2577 418 2621 non
459 2562 582 2637 tangat,
626 2564 738 2621 tamen
775 2561 837 2621 toti
875 2562 1079 2636 splendidum
1113 2564 1261 2637 praebuit
1295 2579 1386 2623 orna·

209 2675 375 2747 mentum;
419 2674 492 2732 inde
535 2675 622 2733 enim
664 2675 806 2748 primum
849 2677 958 2734 actum
1002 2677 1098 2735 nacta
1137 2679 1198 2751 est,
1242 2692 1304 2750 quo
1339 2675 1386 2734 nil

210 2790 344 2863 cogitari
377 2788 548 2848 venustius
579 2789 691 2863 possit.
723 2789 829 2848 Nimis
860 2804 994 2849 severus
1024 2790 1059 2849 in
1088 2790 1300 2850 Menandrum
1330 2790 1385 2866 sit,

209 2904 264 2977 qui
305 2903 383 2961 illud
426 2902 459 2961 in
493 2903 616 2963 Andria
650 2903 857 2976 soliloquium
889 2918 964 2962 cum
994 2903 1056 2963 hoc
1087 2904 1280 2963 Terentiano
1310 2905 1387 2963 actu

210 3018 391 3090 comparet;
424 3017 481 3076 sed
511 3033 551 3076 ne
583 3018 779 3092 colloquium
803 3018 933 3091 quidem
958 3019 1142 3078 Perinthiae
1166 3034 1279 3078 senem
1301 3019 1388 3078 inter

210 3144 409 3202 uxoremque
443 3132 513 3189 tam
548 3130 715 3206 egregium
750 3129 851 3191 fuisse
887 3132 981 3191 credo
1012 3147 1110 3205 quam
1141 3133 1220 3192 illud
1244 3132 1387 3191 Simonis

209 3242 388 3316 libertique.
422 3243 510 3318 Quod
542 3243 630 3303 enim
653 3244 687 3303 iu
710 3259 769 3303 suo
792 3259 909 3317 genere
932 3245 1111 3318 perfectum
1136 3248 1269 3305 estnon
1292 3246 1386 3305 facile

211 3356 331 3429 aliquid
366 3372 407 3416 ex
442 3358 555 3416 eodem
590 3373 706 3432 genere
741 3357 803 3416 sibi
837 3372 895 3431 par
926 3357 1078 3418 inveniet.
1111 3359 1151 3418 Et
1174 3373 1386 3433 personarum

209 3485 290 3543 quas
326 3470 409 3543 apud
444 3470 631 3530 Terentium
668 3470 816 3529 videmus
850 3469 939 3529 nulla
973 3472 1043 3529 tam
1078 3486 1119 3530 ex
1150 3471 1221 3546 ipsa
1242 3471 1312 3530 vita
1335 3472 1387 3530 est

211 3596 366 3657 expressa
389 3598 488 3655 quam
511 3583 567 3642 illa
590 3583 700 3657 coqui;
722 3583 874 3657 quidquid
895 3583 949 3642 ille
969 3583 1047 3643 dicit
1066 3574 1144 3660 ἦθος
1164 3585 1270 3659 habet,
1291 3585 1384 3659 vivit,

209 3697 321 3771 spirat.
353 3696 463 3770 Meque
492 3697 601 3756 minus
631 3698 731 3758 verba
761 3696 877 3772 quibus
908 3712 984 3756 eum
1015 3697 1189 3770 alloquitur
1219 3713 1320 3757 senex
1344 3713 1387 3756 ex

210 3809 319 3869 animo
339 3810 408 3869 eius
429 3811 463 3869 et
481 3812 609 3884 pectore
629 3813 706 3870 sunt
725 3812 924 3886 deprompta.
945 3809 1109 3870 Audacius
1129 3810 1248 3884 aliquid
1261 3810 1385 3870 dicam:

209 3938 279 3982 rem
311 3924 362 3998 agi
392 3923 485 3982 vides
515 3938 580 3982 non
610 3923 748 3983 Athenis
780 3925 836 3983 sed
864 3924 897 3982 in
920 3925 991 3998 ipsa
1014 3924 1093 3983 urbe
1116 3924 1240 3983 Roma:
1265 3924 1387 3999 scripta

209 4036 289 4096 haec
312 4039 389 4096 sunt
412 4053 432 4097 a
454 4039 558 4112 poeta,
584 4036 639 4109 qui
661 4052 743 4110 quae
766 4037 849 4096 ratio
873 4036 958 4096 inter
976 4040 1150 4113 patronum
1170 4037 1387 4111 libertumque

209 4150 422 4211 intercederet
445 4152 569 4211 Romae
593 4149 744 4224 cognovit
760 4144 790 4220 ¹).
816 4150 877 4209 Sed
901 4151 1119 4225 adspiciamus
1142 4151 1279 4225 singula.

238 4440 254 4491 ¹}
269 4440 324 4483 Mon
337 4438 385 4482 hoc
394 4438 447 4483 dico
454 4440 554 4491 propter
561 4439 630 4483 senis
638 4438 715 4481 verba
724 4441 770 4490 (vs.
777 4439 812 4488 40)
821 4437 902 4490 ,baud
910 4437 981 4480 muto
990 4436 1106 4490 iactum,”
1114 4436 1144 4480 (le
1152 4438 1243 4489 qulbus
1250 4448 1326 4490 quam
1333 4449 1386 4491 per-

210 4529 282 4564 verse
295 4519 373 4566 etiam
389 4528 454 4560 nunc
469 4516 579 4560 iudicent
593 4517 641 4560 viri
656 4518 722 4561 docti
737 4518 763 4560 et
777 4527 852 4568 quam
867 4516 1001 4570 prudenter
1016 4515 1157 4559 Scholiasta
1170 4516 1281 4561 vidimus
1295 4528 1317 4570 p.
1331 4519 1366 4560 86.
