3230 5260
728 655 788 714 101

167 843 260 914 quasi
292 843 378 903 dicat
409 844 573 903 communi
604 842 698 902 filiae.
731 843 771 901 Et
800 843 881 901 bene
916 857 980 901 non
1007 856 1172 900 socrum
1196 840 1252 899 sed
1276 840 1343 898 So·

166 958 384 1018 stratam.'’
1278 934 1280 946 ¹

210 1071 366 1131 Eiusdem
389 1071 517 1145 generis
540 1073 591 1130 est
615 1071 684 1130 eius
708 1071 747 1129 ad
770 1086 818 1144 vs.
845 1071 909 1129 378
934 1069 1077 1128 eiusdem
1100 1067 1227 1127 fabulae
1247 1082 1342 1127 anno·

165 1184 257 1244 tatio.
291 1184 460 1258 Pamphilo
492 1184 624 1244 domum
652 1199 782 1244 reverso
806 1185 975 1243 narratum
996 1184 1065 1242 erat
1087 1197 1225 1240 uxorem
1248 1197 1343 1241 suam

166 1312 230 1356 non
254 1299 362 1358 solum
386 1298 425 1357 ad
448 1299 599 1372 parentes
622 1313 699 1358 suos
723 1298 914 1374 confugisse,
940 1298 996 1357 sed
1020 1297 1120 1356 etiam
1141 1295 1174 1353 in
1193 1295 1343 1355 morbum

167 1409 361 1484 implicitam
393 1427 465 1470 esse
496 1411 543 1471 ita
573 1413 610 1470 ut
641 1412 680 1470 od
704 1428 777 1471 eam
803 1412 932 1471 admitti
955 1426 1051 1474 nemo
1074 1411 1194 1484 posset.
1219 1408 1343 1468 Tamen

165 1525 339 1598 introrupit
373 1527 470 1598 atque
504 1525 558 1598 qui
593 1526 647 1585 illc
681 1526 814 1585 morbus
845 1528 932 1585 esset
963 1540 1038 1584 cum
1069 1539 1199 1583 summo
1235 1523 1342 1582 dolore

165 1638 326 1712 cognovit.
362 1629 523 1713 Planeque
559 1639 668 1698 animo
702 1640 908 1713 perturbatus
942 1653 1054 1698 secum
1090 1637 1186 1696 deflet
1216 1637 1342 1696 illatam

165 1751 226 1811 sibi
263 1751 424 1811 iniuriam.
461 1753 575 1827 Verba,
612 1753 728 1826 quibus
763 1753 796 1811 in
830 1752 1023 1812 memoriam
1055 1751 1265 1811 tristissimae
1296 1750 1343 1810 rei

164 1866 261 1925 modo
285 1865 346 1926 sibi
369 1867 559 1940 conspectae
583 1866 674 1942 redit,
700 1868 779 1926 haec
802 1869 879 1926 sunt
903 1871 961 1935 (vs.
987 1867 1192 1935 373—378lz

232 1980 410 2054 Postquam
422 1980 506 2039 intro
519 1979 644 2055 adveni,
657 1980 821 2054 extemplo
834 1979 903 2039 eius
916 1980 1065 2039 morbum
1078 1979 1214 2053 cognovi
1225 1978 1340 2038 miser:

232 2093 316 2153 Nam
340 2109 443 2166 neque
466 2095 503 2152 ut
527 2093 623 2152 celari
646 2095 757 2168 posset
780 2096 910 2166 tempus
933 2092 1076 2168 spatium
1100 2093 1202 2151 ullum
1226 2091 1323 2151 dabat

166 2253 174 2268 .
232 2208 342 2280 Neque
366 2224 444 2268 voce
468 2208 532 2267 alia
555 2224 593 2268 ac
616 2224 668 2268 res
691 2209 845 2268 monebat
868 2209 938 2283 ipsa
961 2209 1095 2290 poterat
1111 2205 1271 2280 conqueri.

232 2322 407 2396 Postquam
422 2324 535 2397 aspexi
550 2339 587 2397 „0
600 2323 725 2382 facinus
738 2323 927 2400 indignum’'
937 2323 1070 2396 inquam
1080 2325 1112 2382 et
1121 2322 1258 2396 corripui
1267 2322 1339 2382 ilico

232 2437 281 2495 Me
305 2437 378 2496 inde
402 2437 586 2512 lacrimans,
615 2437 794 2497 incredibili
817 2453 851 2496 re
875 2438 972 2510 atque
996 2437 1096 2496 atroci
1119 2437 1270 2510 percitus

232 2550 333 2609 Mater
357 2551 572 2624 consequitur.

166 2664 309 2724 Annotat
347 2663 544 2722 scholiasta:
583 2664 751 2737 „Ostendit
785 2664 939 2722 affectum
974 2663 1213 2723 misericordiae
1248 2678 1337 2737 suae,

166 2780 298 2837 mater
321 2777 429 2851 potius
452 2777 585 2836 dicendo
609 2793 708 2850 quam
734 2778 943 2850 Myrrinam.'’

208 2892 299 2951 Adel.
327 2892 399 2951 143.
427 2891 526 2966 „Nolo
550 2907 624 2951 cum
647 2892 746 2950 fratre
770 2907 852 2965 meo,
874 2891 943 2950 viro
963 2889 1098 2950 severo”
1121 2891 1264 2949 clemens
1283 2889 1337 2949 ille

166 3005 257 3064 Micio
282 3005 328 3065 ait
353 3006 575 3079 „disputare'’:

747 3119 831 3178 Nam
855 3119 934 3178 itast
957 3119 1071 3177 horno:

343 3232 446 3308 Quom
469 3233 560 3306 placo
585 3234 739 3292 adversor
762 3232 873 3292 sedulo
897 3234 930 3291 et
954 3233 1116 3291 deterreo:

344 3347 466 3406 Tamen
489 3347 547 3404 vix
570 3347 712 3405 humane
736 3346 867 3419 patitur.

168 3460 311 3520 Annotat
342 3460 538 3519 Scholiasta:
574 3461 699 3534 „Homo
731 3460 814 3518 dixit
844 3459 1020 3518 moraliter.
1050 3458 1102 3518 Sic
1126 3459 1214 3518 enim
1238 3459 1276 3517 de
1299 3457 1340 3516 iis

168 3573 312 3648 dicimus,
338 3590 418 3647 quos
441 3590 536 3648 parce
559 3573 856 3648 reprehendimus.’'

209 3688 307 3747 Vides
338 3704 436 3761 quam
468 3689 594 3762 egregie
625 3688 767 3762 optimus
791 3688 845 3747 ille
869 3688 1106 3747 commentator
1129 3687 1340 3746 Terentianae

167 3801 254 3860 vocis
276 3801 386 3861 varios
409 3817 506 3862 sonos
530 3802 639 3861 animo
662 3801 868 3876 persenserit.

210 4128 323 4186 Errare
362 4127 474 4185 tamen
508 4125 689 4184 humanum
725 4126 776 4184 est
810 4140 913 4196 neque
949 4125 1120 4198 quisquam
1152 4121 1340 4181 mortalium

167 4241 237 4300 vitii
268 4240 435 4300 immunis.
469 4240 549 4316 Quid
573 4240 656 4312 quod
681 4240 769 4312 ipsae
794 4240 932 4299 virtutes
956 4254 1016 4298 sua
1039 4239 1100 4297 sibi
1124 4237 1205 4296 vitia
1228 4251 1340 4296 secum

166 4354 281 4413 ferunt.
314 4355 350 4412 Id
382 4355 581 4442 scholiastae
612 4369 737 4426 quoque
768 4355 879 4412 nostro
911 4352 1034 4427 accidit,
1067 4350 1340 4424 quemadmodum

168 4467 232 4526 iam
256 4468 435 4527 ostendam.
460 4467 607 4526 Primum
630 4466 787 4526 virtutem
811 4465 974 4540 quandam
998 4465 1067 4524 eius
1090 4465 1124 4522 in
1146 4463 1341 4523 memoriam
