3230 5260
825 631 866 690 87

253 812 431 888 maculam,
455 815 544 874 caste
568 813 655 873 enim
679 815 712 874 et
731 814 845 888 pudice
864 814 955 876 illam
975 815 1019 874 ibi
1038 815 1170 878 vixisse.
1192 815 1301 888 Neque
1320 815 1428 888 potest

253 929 318 987 hoc
347 925 417 987 fieri
440 927 503 988 nisi
526 927 597 1002 ipsa
619 943 745 1002 quoque
769 926 902 1002 Chrysis
924 929 1075 989 omnibus
1094 929 1200 989 modis
1219 927 1427 988 meretricum

252 1043 352 1116 vulgo
384 1042 564 1115 eximatur;
596 1041 643 1102 sic
674 1057 749 1117 ergo
779 1042 819 1102 de
850 1058 889 1102 ea
919 1042 1008 1104 Simo
1038 1043 1153 1104 liberto
1176 1057 1235 1102 suo
1258 1042 1369 1103 narrat
1391 1042 1428 1100 ut

253 1157 409 1230 appareat
439 1171 503 1216 non
534 1158 648 1231 sponte
679 1172 753 1218 eam
776 1160 950 1231 quaestum
972 1157 1065 1217 illum
1089 1157 1298 1218 inhonestum
1321 1170 1426 1214 susce·
1521 1162 1523 1165 ’

251 1268 342 1344 pisse
364 1269 421 1329 sed
444 1269 582 1330 invitam
605 1270 692 1330 fame
715 1272 812 1344 atque
835 1270 943 1346 inopia
965 1271 1005 1330 ad
1025 1286 1100 1332 eum
1120 1286 1192 1331 esse
1213 1269 1424 1344 compulsam.

252 1382 327 1442 Huc
349 1386 498 1456 spectant
520 1383 610 1443 senis
631 1383 731 1444 verba
752 1399 802 1444 111.
827 1384 886 1443 70:

456 1496 505 1556 Ex
527 1497 636 1558 Andro
660 1496 888 1571 commigravit
910 1498 974 1558 huc
996 1497 1134 1558 viciniae

454 1609 567 1686 Inopia
588 1613 622 1670 et
645 1613 856 1686 cognatorum
879 1612 1075 1686 negligentia

457 1722 576 1786 Coacta

215 1829 221 1840 ’
252 1839 287 1898 11
309 1837 366 1898 illa
387 1852 454 1897 vss.
480 1838 522 1898 74
545 1852 611 1911 sq:

453 1950 562 2012 Primo
585 1952 665 2014 haec
687 1952 802 2030 pudice
824 1952 928 2012 vitam
951 1968 1046 2027 parce
1070 1954 1103 2013 11
1126 1952 1248 2013 duriter

453 2065 588 2142 Agebat,
613 2067 689 2127 lana
711 2081 748 2126 ac
771 2066 838 2127 tela
860 2066 985 2126 victum
1009 2065 1196 2140 quaeritans

252 2180 363 2249 (verba
393 2179 504 2240 autem
533 2179 696 2240 victum
727 2182 760 2240 et
785 2181 1038 2257 quaeritans
1061 2181 1108 2242 ita
1130 2180 1307 2242 illustravit
1330 2181 1424 2240 Scho-

251 2293 350 2354 liasta
372 2295 410 2354 ut
433 2310 475 2354 ex
498 2293 539 2354 iis
561 2293 783 2368 intelligamus
803 2293 969 2370 Chrysidis
988 2293 1093 2355 vitam
1112 2294 1211 2354 simul
1230 2293 1425 2355 laboriosam

251 2406 353 2468 uisse
384 2409 418 2468 et
448 2406 607 2480 frugalem
637 2405 857 2481 inopemque);
889 2407 962 2484 huc,
987 2409 1024 2467 ut
1047 2407 1112 2467 alia
1134 2408 1286 2468 omittam
1309 2408 1423 2482 multa,

253 2519 323 2580 eius
346 2521 386 2581 de
409 2519 556 2594 Glycerio
578 2520 722 2594 primum
745 2535 765 2579 a
787 2536 823 2580 se
847 2522 1018 2596 conspecta
1041 2519 1192 2582 narratio.
1216 2519 1424 2596 „conspicio”

253 2633 300 2693 111
323 2633 408 2694 inter
430 2634 583 2695 mulieres
603 2649 685 2708 quae
705 2634 839 2694 aderant
858 2633 1071 2708 inOhrysidis
1090 2634 1202 2696 iuuere
1224 2635 1424 2710 ,adolescen-

252 2747 365 2822 tulam,
390 2747 483 2807 vultu

452 2860 541 2921 Adeo
564 2861 722 2939 modest0,
747 2863 826 2922 adeo
849 2864 996 2936 venusto,
1022 2864 1060 2920 ut
1082 2861 1128 2921 nil
1150 2876 1256 2935 supra.

455 2973 541 3049 Quae
564 2990 663 3048 quom
686 2975 776 3070 milri⁸
790 2975 964 3037 lamentari
987 2978 1114 3049 praeter
1138 2976 1262 3034 ceteras

452 3087 572 3167 Visast,
598 3090 631 3148 11
653 3089 729 3162 quia
752 3092 822 3149 erat
844 3090 951 3150 forma
972 3091 1100 3163 praeter
1124 3090 1248 3148 ceteras

453 3200 599 3263 Honesta
622 3217 660 3263 ac
682 3201 816 3280 liberali,
842 3203 958 3263 accedo
982 3203 1022 3264 ad
1045 3202 1268 3276 pedisequas.’'

254 3315 353 3376 (iuius
375 3315 437 3376 loci
461 3316 632 3377 consilium
652 3316 778 3392 egregie
802 3316 983 3378 Scholiasta
1007 3315 1148 3390 exponit.
1376 3301 1379 3306 ’

742 3584 936 3593 ——-———-—-—---

298 3766 368 3824 Duo
388 3768 499 3826 autem
518 3767 599 3827 haec
619 3764 764 3842 artificia,
785 3767 855 3826 tam
875 3765 963 3840 illud,
977 3779 1039 3838 quo
1051 3763 1228 3824 urbanitati
1240 3762 1427 3837 consulitur,

253 3895 353 3954 quam
384 3880 445 3940 hoc
476 3895 539 3954 quo
569 3881 639 3940 tota
669 3879 778 3940 fabula
808 3877 845 3938 fit
874 3877 1073 3953 verisimilia,
1106 3878 1255 3951 equidem
1287 3874 1428 3936 Terentii

253 3992 354 4054 fuisse
372 3993 506 4079 propria
528 4009 653 4069 censeo,
678 3994 846 4067 multaque
870 3993 934 4053 alia
953 4008 1035 4066 quae
1054 3994 1091 4051 ut
1111 3992 1144 4051 in
1164 3992 1250 4051 clara
1269 3991 1429 4064 ponantur

254 4108 325 4167 luce
357 4107 574 4167 Scholiastam
605 4110 674 4166 tam
705 4107 947 4180 frequentaret
971 4108 1041 4166 tam
1065 4105 1175 4165 sedulo
1200 4105 1275 4164 dare
1299 4117 1430 4177 operam

254 4221 412 4279 videmus
434 4219 480 4279 Ea
497 4219 690 4295 praesertim
712 4220 911 4279 scholiastae
931 4219 1078 4278 mentem
1098 4217 1131 4276 in
1151 4233 1185 4276 se
1203 4218 1431 4276 converterunt

254 4348 336 4406 quae
371 4347 478 4392 nova
512 4333 620 4406 posuit
655 4331 824 4393 Terentius
859 4334 895 4392 ut
930 4334 1062 4406 poetam
1093 4331 1252 4390 Graecum
1283 4329 1430 4388 redderet

253 4447 484 4508 venustiorem.
513 4448 620 4522 Atque
644 4462 741 4524 saepe
765 4447 896 4521 quidem
920 4444 1051 4506 disertis
1073 4444 1181 4505 verbis
1205 4443 1299 4503 dicit:
1326 4442 1429 4520 ,apud
