3234 5254
848 640 910 701 176

287 829 482 891 transituros
501 829 597 904 ipsos,
619 829 670 888 vel
690 829 798 903 ipsum
818 830 901 902 quod
916 829 1040 888 factum
1053 829 1135 889 est.’'
1148 828 1390 889 Westerhovius
1401 843 1450 902 pro

288 943 324 1002 si
349 943 446 1020 scribi
473 943 569 1002 iussit
596 943 696 1018 nisi,
725 942 782 1001 sed
801 942 853 1001 101
873 942 921 1001 310
941 944 1048 1002 cetera
1067 957 1166 1001 sensu
1190 958 1284 1002 cassa
1302 943 1449 1001 ridentur.

335 1057 385 1116 10.
421 1056 502 1132 Quid
536 1056 597 1115 sibi
630 1056 702 1114 vult
731 1056 811 1114 haec
842 1056 1041 1115 observatio:
1075 1071 1211 1130 ,parens
1242 1055 1311 1115 veri
1341 1055 1450 1114 amoris

288 1185 407 1228 nomen
430 1171 481 1228 est
504 1171 537 1228 et
559 1169 685 1242 aequali
708 1168 778 1227 loco
803 1169 946 1227 continet
969 1169 1270 1242 interpretationem
1280 1170 1315 1227 ?''

335 1284 385 1343 12.
413 1283 466 1356 ,Si
490 1281 612 1341 deseris
635 1283 715 1341 nos”
740 1281 821 1341 Geta
845 1281 891 1341 ait
918 1282 1112 1355 „perimus”
1137 1282 1322 1356 Respondet
1340 1281 1449 1354 Hegio:

1069 1395 1154 1455 Cave
1178 1396 1309 1455 dixeris.

421 1511 530 1583 Neque
554 1509 681 1584 faciam,
707 1524 810 1582 neque
833 1524 886 1567 me
910 1509 991 1568 satis
1014 1509 1065 1583 pie
1089 1525 1184 1583 posse
1208 1509 1353 1568 arbitror.

332 1624 382 1683 Ad
413 1639 609 1696 neque-
635 1623 822 1682 arbitror
850 1624 1039 1682 annotatur:
1068 1623 1224 1698 „honesta
1247 1622 1372 1698 locutio,
1396 1636 1452 1693 qua

215 1723 218 1728 ’
289 1735 458 1812 significat,
479 1735 632 1810 quidquid
651 1735 764 1795 iecerit
782 1752 838 1810 pro
858 1735 989 1809 pietatis
1010 1736 1115 1795 debito
1136 1735 1201 1795 illis
1217 1737 1334 1795 merito
1346 1751 1451 1819 pamm

289 1852 392 1910 esse.'’
435 1850 592 1925 Corrupto
624 1850 775 1909 videntur
809 1849 936 1923 lenique
971 1850 1197 1909 emendatione
1232 1850 1264 1908 in
1299 1849 1451 1923 integrum

289 1965 496 2024 restituenda.
521 1964 582 2024 Pro
605 1973 750 2038 parurn
774 1963 861 2023 enim
884 1964 1045 2023 factum
1068 1964 1219 2023 rescribo.

336 2080 385 2139 17.
1020 2078 1130 2151 Neque
1154 2078 1229 2138 boni

510 2192 619 2264 Neque
642 2190 783 2250 liberalis
806 2191 937 2251 iunctus
965 2194 1015 2250 est
1039 2191 1180 2251 officium
1204 2193 1275 2251 viri.

289 2308 427 2380 Neque
447 2306 524 2365 bon
533 2306 554 2375 i]
579 2306 690 2379 ,quasi
708 2305 739 2364 id
752 2306 834 2378 quod
848 2307 906 2382 est,
920 2305 1001 2365 velit
1013 2306 1096 2378 quod
1109 2321 1181 2365 esse
1194 2306 1319 2365 debet.”
1333 2305 1454 2379 Optime

288 2419 551 2478 Westerlrovius:
577 2419 674 2490 quia
697 2419 733 2476 is
756 2419 931 2492 prodest
953 2419 1019 2478 vel
1043 2420 1245 2494 prodesse
1269 2419 1398 2478 debet.

335 2534 386 2592 25.
421 2533 575 2592 Aeschini
605 2534 774 2606 peccatum
805 2532 852 2592 310
875 2533 977 2607 Hegio
1002 2533 1154 2594 describit
1177 2532 1452 2607 reprehenditque:

292 2647 427 2721 ,Simuli
451 2645 548 2705 amici
570 2646 673 2705 nostri
696 2644 799 2705 filiam
823 2646 969 2705 vitiavit:

617 2761 672 2820 ubi
695 2761 758 2819 3011
780 2762 913 2837 facturn,
939 2762 979 2820 ad
1002 2764 1144 2821 matrem
1167 2762 1303 2836 virginis

432 2874 529 2934 Venit
552 2875 642 2950 ipsus
664 2874 749 2934 ultro
773 2875 967 2950 lacrumans,
995 2890 1099 2950 orans,
1126 2877 1308 2951 obsecrans,

432 2981 544 3048 Fidem
569 2989 658 3064 dans,
683 2989 794 3048 iurans
817 3003 852 3047 se
877 2989 968 3047 illam
991 2989 1163 3048 ducturum
1187 2990 1330 3048 domum.

432 3102 637 3176 Ignotum'st,
662 3102 852 3177 tacitum’st,
880 3103 1090 3178 creditum'st,
1115 3103 1205 3176 virgo
1230 3118 1271 3161 ex
1296 3119 1332 3162 eo

432 3215 626 3289 Compressu
649 3215 782 3289 gravida
805 3215 951 3274 facta'st:
976 3216 1099 3274 mensis
1122 3216 1175 3275 hic
1198 3216 1344 3274 decimus
1367 3218 1423 3274 est.

432 3329 490 3388 ille
513 3330 616 3388 bonus
639 3329 689 3388 vir
712 3328 804 3388 nobis
827 3329 1006 3405 psaltriam,
1032 3329 1060 3388 si
1084 3329 1133 3388 dis
1156 3329 1261 3403 placet

432 3443 564 3502 Paravit
587 3443 717 3516 quicum
740 3443 847 3515 vivat3
873 3442 963 3502 illam
987 3443 1114 3502 deserit.

288 3555 494 3615 Annotantur
529 3558 562 3616 et
596 3555 659 3615 alia
694 3557 727 3615 01
760 3556 857 3614 haec:
893 3555 962 3614 ubi
997 3555 1081 3615 soit
1115 3555 1293 3626 factum]
1328 3557 1380 3632 ,id
1410 3556 1454 3614 est

288 3669 439 3743 intelligit
469 3671 502 3728 et
532 3670 640 3745 sent't,
673 3669 748 3742 quia
779 3684 876 3743 supra
902 3668 1030 3729 suturae
1052 3669 1266 3743 peccaverit.’'
1290 3668 1454 3743 Eleganter

287 3782 496 3856 Wielingius:
531 3783 581 3858 ,id
613 3785 663 3842 est
693 3782 845 3856 intelligit
876 3784 908 3842 et
938 3783 1047 3858 sentit,
1073 3783 1148 3855 quid
1171 3798 1231 3841 sua
1253 3783 1454 3856 persuasione

286 3896 500 3971 peccaverit.’'

333 4012 384 4070 35.
423 4009 626 4086 ,Proferendi
662 4010 761 4070 Getae
796 4010 876 4069 haec
909 4010 1057 4068 maxima
1092 4025 1190 4070 causa
1225 4012 1274 4068 est
1305 4025 1332 4068 0.
1358 4026 1386 4083 q.
1410 4007 1452 4066 s.''

287 4125 353 4182 Aut
373 4126 522 4198 corrupta
541 4125 621 4184 haeo
636 4126 714 4183 sunt
726 4125 782 4184 aut
801 4123 896 4197 pros
902 4139 992 4182 erre
1011 4123 1080 4181 virn
1093 4123 1190 4182 habet
1210 4121 1452 4182 extollendi.

333 4239 384 4297 61.
430 4237 594 4314 ,Sollicita
634 4237 807 4311 obsequela
848 4237 1012 4313 HegioniS,
1052 4237 1169 4296 ultima
1203 4237 1236 4294 in
1270 4233 1452 4310 loquendo.'’

287 4351 393 4412 Immo
424 4352 578 4412 ultimi.
607 4353 713 4410 Anxie
737 4353 770 4410 et
793 4350 929 4410 sollicite
954 4352 1047 4410 cavet
1070 4350 1172 4424 Hegio
1196 4365 1237 4408 ne
1261 4348 1453 4423 arrogantior

287 4468 451 4527 videatur:
477 4483 552 4540 ergo
576 4482 704 4540 semper
726 4465 868 4539 loquitur
890 4465 1041 4528 1111111113,
