3234 5254
730 651 791 709 175

217 843 270 901 46.
471 841 582 900 Peiore
609 855 661 899 res
684 839 754 899 loco
777 854 842 898 non
864 839 972 912 potest
996 853 1076 912 esse,
1103 851 1201 910 quam
1225 836 1258 894 in
1283 850 1344 908 quo

1035 954 1130 1021 [nunc
1153 950 1218 1008 sita
1241 950 1300 1008 θεῖ.
1323 1033 1326 1048 .

329 1067 476 1126 Primum
499 1067 644 1126 indotata
668 1068 726 1124 est.

172 1183 321 1241 Sostrata
344 1183 382 1240 de
405 1178 471 1239 filia
493 1180 610 1239 vitiata
633 1180 712 1238 haec
736 1179 949 1252 conqueritur.
970 1178 1020 1238 Ad
1039 1177 1218 1252 primum
1238 1177 1345 1237 indo-

171 1297 265 1354 tata
289 1297 353 1353 est
377 1295 566 1353 annotatur:
595 1293 695 1366 „ratio
719 1292 864 1352 subiecta
884 1295 934 1351 est
954 1293 1102 1352 causae.”
1124 1291 1210 1350 Nihil
1230 1292 1346 1351 horum

172 1410 335 1483 intelligo;
350 1424 390 1468 an
403 1424 459 1483 pro
476 1423 629 1467 causae
644 1407 817 1480 legendum
829 1409 880 1466 θεῖ
896 1407 1094 1481 querelae
1106 1406 1158 1465 vel
1170 1407 1235 1466 tale
1248 1406 1347 1479 quid?

219 1584 275 1658 III,
290 1586 319 1658 3,
335 1585 364 1643 8.
377 1583 439 1643 Hic
451 1584 582 1642 omnino
596 1583 1011 1656 inspiciaturWesterhovii
1024 1583 1130 1657 editio,
1145 1583 1199 1656 qui
1211 1583 1348 1642 feliciter

174 1698 374 1757 emendando
407 1698 599 1771 prudentem
630 1697 713 1755 hanc
744 1696 888 1756 restituit
918 1696 1194 1756 observationem:
1230 1698 1347 1770 „ordo

174 1815 225 1872 θεῖ
248 1812 412 1888 nobilium,
438 1827 539 1885 grex
563 1811 773 1870 obscurorum
797 1810 999 1869 hominum.”

219 1926 272 1984 40.
304 1924 418 1983 Nihil
448 1925 533 1983 nisi
564 1923 783 1998 sapientia
810 1926 885 1993 est]
913 1923 1065 1998 „ridicule
1088 1924 1177 1997 prius
1201 1924 1345 1983 additum

173 2039 283 2099 nihil
326 2053 423 2110 quam
465 2038 637 2110 quicquam
679 2037 784 2096 laudis
818 2037 981 2095 nomine.’'
1016 2036 1077 2096 Hic
1111 2038 1237 2111 haereo,
1274 2053 1348 2095 curn

173 2153 366 2226 praesertim
401 2168 464 2212 non
499 2152 594 2211 liceat
629 2155 760 2226 iungere
791 2151 1047 2225 priusquam.
1080 2132 1230 2224 seqnitur
1261 2152 1348 2210 enim

175 2266 336 2325 deinde.

220 2380 273 2438 42.
306 2380 489 2450 Sineres]
525 2379 592 2454 „ah
616 2382 806 2454 argumento
837 2378 964 2437 fabulae
991 2379 1108 2451 repetit
1131 2379 1347 2437 sinerem.’'

174 2492 246 2551 Non
270 2493 423 2565 intelligo.
445 2493 496 2551 An
515 2493 598 2552 iorte
618 2493 698 2552 haec
717 2495 768 2551 est
786 2491 965 2550 sententia:
989 2491 1144 2566 „verbum
1164 2492 1349 2551 sinerem

176 2607 385 2679 desumptum
428 2621 469 2665 ex
512 2606 603 2665 initio
645 2606 773 2665 fabulae
816 2609 873 2674 (vs.
913 2606 995 2678 108),
1032 2605 1086 2664 ubi
1120 2607 1349 2678 argumentum

177 2720 394 2794 exponitur”?

222 2834 274 2893 50.
306 2833 468 2893 Vitiosum
495 2835 535 2892 ad
558 2834 644 2892 hunc
666 2848 799 2892 versum
822 2832 967 2892 scholion
990 2848 1105 2892 sanare
1128 2814 1193 2892 uon
1216 2833 1350 2906 contigit

176 2947 412 3022 Westerhovio,
437 2948 500 3006 nisi
524 2948 607 3020 quod
627 2947 660 3006 in
682 2947 803 3006 verbis:
828 2947 1007 3020 „adoriri
1028 2949 1079 3006 est
1098 2947 1190 3019 quasi
1209 2946 1350 3019 aliquem

178 3062 254 3121 oriri
277 3061 309 3119 id
333 3063 383 3120 est
408 3063 602 3134 exsurgere”
627 3061 809 3121 rectissime
832 3060 980 3134 probavit
1004 3061 1167 3134 egregiam
1186 3059 1350 3133 Wielingii

178 3174 438 3234 emendationem
462 3175 509 3233 ad
533 3174 718 3248 aliquem
741 3189 798 3247 pro
822 3174 1016 3247 aliquem.

224 3290 275 3348 55.
308 3288 498 3347 La‘crimo
527 3288 689 3362 gaudio]
717 3289 823 3361 „recte
847 3288 992 3346 additum
1017 3290 1067 3346 est
1090 3287 1250 3362 gaudio,
1276 3286 1351 3360 quia

178 3401 331 3460 lacrimae
355 3401 461 3460 solum
485 3417 665 3461 moerorem
689 3400 904 3476 significant.”
928 3400 1120 3474 Wielingius
1140 3416 1196 3474 pro
1217 3401 1350 3460 solum

178 3514 257 3588 legit
287 3515 414 3573 solae.
446 3515 596 3574 Praestat
628 3517 662 3573 ut
693 3515 804 3588 opinor
834 3530 890 3588 pro
922 3515 1125 3574 lacrimae
1159 3546 1196 3555 —
1226 3515 1350 3588 signi·

179 3627 315 3686 licant
338 3628 461 3701 legere:
485 3628 768 3688 lacrimare...
793 3627 1030 3701 significat.

224 3742 276 3800 84.
301 3741 435 3815 Egregie
458 3741 603 3800 scholion
627 3743 667 3800 ad
690 3742 775 3800 huno
798 3756 931 3800 versum
955 3740 1095 3800 correxit
1106 3741 1352 3800 Westerhovius

180 3869 253 3926 pro:
296 3853 395 3927 „bene
434 3855 545 3913 autem
580 3854 706 3913 dubitat
741 3856 774 3912 et
807 3854 966 3913 familiam
1001 3855 1146 3914 inveniat
1181 3854 1285 3913 civem
1320 3856 1352 3913 et

181 3966 322 4026 multum
354 3967 470 4026 absens
502 3982 520 4026 a
552 3969 724 4040 conspectu
756 3966 897 4026 civium”
925 3968 1076 4040 legendo:
1104 3967 1204 4042 „bene
1228 3967 1353 4026 dubitat
1459 4027 1461 4031 .

182 4095 222 4138 an
252 4079 449 4139 familiarem
479 4067 624 4140 inieniat
655 4081 770 4155 civem,
803 4080 872 4154 ipse
907 4080 1064 4166 multum¹
1084 4081 1200 4139 absens
1232 4095 1250 4138 a
1281 4094 1351 4138 con-

182 4196 295 4267 spectu
319 4193 471 4252 civium.”

225 4368 282 4444 HI,
316 4370 345 4444 4,
375 4370 405 4428 8.
441 4368 624 4444 „Quomodo
652 4370 829 4462 accipimus
852 4370 959 4429 haud
983 4369 1045 4429 sic
1068 4370 1288 4429 auferent?
1312 4385 1352 4428 an

182 4480 305 4541 factum
322 4498 418 4542 suum
432 4484 579 4543 auferent
591 4485 654 4560 sic;
669 4500 709 4543 an
730 4485 766 4543 si
787 4484 984 4544 correxerint
997 4485 1133 4559 culpam,
1148 4500 1212 4543 non
1224 4484 1352 4543 silentio
