3230 5260
779 649 840 712 132

266 840 290 914 I,
306 840 334 914 2,
350 839 379 898 2.
400 839 438 898 In
457 854 554 898 scena
569 839 658 898 solus
670 841 819 899 remanet
830 855 932 898 senex
944 841 1041 913 atque
1053 841 1099 900 ita
1111 856 1223 900 secum
1235 841 1394 914 loquitur:

419 955 490 1013 Non
515 954 647 1013 dubium
672 955 722 1012 est
745 953 823 1027 quin
845 969 982 1014 uxorem
1005 954 1087 1014 nolit
1108 952 1211 1016 filius:

420 1067 471 1125 Ita
494 1065 621 1125 Davum
645 1067 740 1126 modo
764 1067 880 1126 timere
904 1067 1001 1142 sensi,
1026 1067 1081 1126 ubi
1104 1068 1234 1142 nuptias

420 1179 560 1238 Futuras
584 1194 656 1238 esse
679 1178 770 1238 vidit.

265 1293 314 1353 Ad
346 1293 406 1352 ita
436 1293 554 1352 modo
582 1293 775 1351 annotatum
798 1293 999 1352 invenimus:
1028 1296 1285 1369 „Argumentum
1309 1296 1393 1368 quod

220 1422 318 1481 supra
352 1407 390 1465 ab
422 1423 459 1465 eo
494 1407 577 1479 quod
608 1407 710 1464 nostri
741 1407 895 1466 faciunt.”
921 1406 1077 1482 corrupta
1100 1410 1195 1482 haec;
1221 1409 1393 1483 requiritur

219 1521 302 1580 fere:
330 1523 579 1595 „argumentum
603 1520 765 1606 sumimus
789 1521 827 1579 ab
852 1536 889 1579 eo
913 1522 997 1594 quod
1020 1522 1131 1581 hostes
1154 1523 1308 1599 faciunt,'’
1332 1524 1393 1582 hoc

219 1651 334 1695 sensu:
362 1636 414 1710 ,in
438 1636 527 1695 omni
551 1636 726 1694 certamine
751 1635 837 1693 idem
859 1633 929 1694 fieri
953 1637 1037 1695 solet
1061 1638 1144 1710 quod
1167 1638 1200 1696 in
1223 1638 1317 1712 bello,
1337 1640 1392 1699 ubi

219 1750 388 1823 diiigenter
423 1750 627 1823 speculamur
661 1749 814 1820 quidquid
844 1749 967 1808 iaciunt
997 1749 1118 1824 hostes,
1143 1752 1180 1809 ut
1202 1752 1275 1811 inde
1299 1751 1391 1811 effici·

219 1880 313 1924 amus
333 1866 387 1939 qui
407 1865 450 1924 sit
469 1879 623 1938 praesens
643 1878 751 1922 rerum
771 1864 878 1922 status
899 1863 1036 1936 quidque
1056 1863 1148 1923 nobis
1164 1865 1208 1924 sit
1220 1867 1389 1939 agendum.

264 1980 293 2037 4.
396 1979 474 2038 Heri
498 1993 626 2051 semper
649 1977 767 2036 lenitas
790 1977 924 2036 verebar
948 1993 1103 2051 quorsum
1127 1980 1293 2051 eraderet;

216 2091 327 2151 Davus
350 2092 405 2150 ait.
429 2092 629 2150 Annotatur:
655 2090 824 2163 Semper
847 2090 1028 2160 lenitas]
1057 2107 1115 2166 ,ac
1137 2107 1193 2165 per
1213 2093 1273 2152 hoc
1293 2093 1389 2152 simu-

217 2206 284 2265 lata
307 2221 408 2278 usque
431 2221 517 2264 nunc
539 2205 689 2264 lenitas’'
711 2204 842 2262 Sincera
861 2204 941 2263 haec
961 2204 1110 2264 videntur
1130 2207 1226 2278 atque
1246 2208 1292 2266 ita
1311 2208 1389 2267 acci-

216 2319 332 2396 pienda
355 2321 391 2377 ut
414 2334 484 2393 per
507 2319 582 2378 hoc
605 2318 649 2376 sit
672 2317 758 2375 idern
782 2317 865 2389 quod
889 2320 1061 2392 propter
1085 2319 1160 2378 hoc
1184 2314 1389 2394 (propterea);

218 2433 339 2492 etenim
370 2433 464 2502 (mira
495 2449 546 2492 res
577 2433 633 2492 sed
665 2435 751 2500 vera)
776 2447 941 2505 semper
964 2431 1127 2491 lenitas
1150 2434 1198 2493 sic
1221 2435 1390 2494 cohaerere

218 2547 392 2606 arbitratur
423 2546 603 2606 Scholiasta
633 2547 669 2603 ut
693 2561 858 2618 semper
880 2545 947 2604 iere
970 2546 1122 2626 adiectivi
1144 2546 1297 2621 fungatur
1320 2549 1390 2608 vice

218 2666 318 2730 (more
349 2661 486 2720 Graeco:
519 2657 572 2735 τὴν
595 2666 647 2717 τοῦ
672 2656 815 2717 δεσπότου
839 2654 885 2716 ἀεὶ
909 2655 1069 2740 πρᾳότητα)
1093 2660 1389 2734 sempiternamque

215 2774 384 2833 lenitatem
408 2790 472 2833 non
495 2789 589 2847 posse
613 2788 677 2831 non
701 2787 772 2830 esse
792 2772 982 2831 simulatam
1005 2773 1098 2832 docet
1121 2773 1161 2832 iis
1181 2789 1263 2847 quae
1283 2775 1387 2834 addit:

218 2889 320 2963 „Nam
355 2903 450 2946 nemo
486 2888 519 2945 in
554 2885 690 2945 diversis
721 2886 846 2945 actibus
878 2900 1007 2958 semper
1030 2885 1111 2944 lenis
1136 2888 1194 2962 est,
1220 2888 1283 2946 nisi
1306 2888 1388 2948 forte

164 2989 167 2996 ’
214 3000 310 3061 fictus
334 3002 542 3060 assimulator
566 3002 598 3059 et
621 2992 787 3060 callidus.”

259 3117 288 3174 8.
325 3115 487 3183 Faciet]
527 3114 578 3188 ,id
609 3116 660 3171 est
690 3114 855 3187 irascetur,
888 3113 1098 3189 denuntiabit,
1123 3114 1303 3186 loquetur.’'
1327 3115 1389 3174 Hic

214 3229 488 3288 denuntiabit
517 3229 702 3300 corruptum
726 3226 846 3300 opinor,
872 3242 974 3299 neque
999 3228 1111 3285 tamen
1135 3227 1209 3301 quid
1234 3245 1387 3302 reponam

214 3342 353 3402 invenio,

259 3457 288 3514 9.
313 3456 437 3514 Falso
461 3454 631 3528 gaudio]
659 3453 774 3527 ,Velut
798 3469 839 3511 ex
863 3453 911 3511 ira
930 3455 963 3512 et
982 3454 1069 3512 vitae
1089 3453 1386 3515 senisiracundia.''

213 3569 368 3642 Corrupta
399 3568 477 3626 haec
506 3583 578 3625 esse
601 3583 697 3625 nemo
720 3582 785 3625 non
808 3567 913 3638 videt;
938 3567 1019 3625 satis
1044 3569 1154 3626 autem
1177 3567 1260 3627 mihi
1282 3569 1387 3641 placet

212 3684 291 3742 haec
315 3682 514 3741 emendatio:
539 3682 629 3740 velut
652 3680 732 3740 iarn
757 3681 921 3740 evitata
944 3681 1032 3741 senis
1056 3683 1229 3741 iracundia.

259 3798 308 3855 10.
340 3797 488 3855 Arnoto
519 3796 649 3863 metu]
685 3795 769 3868 ,ista
792 3794 919 3868 singula
943 3796 1050 3853 sunt.’'
1075 3796 1170 3855 Hunc
1194 3812 1266 3854 esse
1290 3812 1384 3856 anno-

210 3911 344 3971 tationis
368 3925 501 3968 sensum
525 3908 652 3982 opinor:
677 3922 741 3965 non
764 3909 841 3965 sunt
865 3908 944 3966 haec
964 3908 1048 3966 inter
1067 3924 1102 3967 se
1123 3909 1283 3982 iungenda
1302 3926 1384 3984 spe-

211 4027 357 4084 rantes
400 4025 538 4082 amoto
573 4024 702 4096 metu,
738 4037 816 4080 nam
851 4024 883 4080 et
918 4024 1145 4095 sperantes
1180 4025 1212 4082 et
1247 4027 1385 4083 amoto

210 4141 321 4198 metu
353 4137 533 4197 sententiae
565 4137 641 4194 sunt
668 4135 816 4194 membra
839 4150 903 4193 non
926 4136 1009 4194 inter
1033 4151 1068 4194 se
1092 4137 1304 4210 dependentia
1328 4139 1385 4198 sed

209 4252 299 4326 paria
322 4254 418 4324 atque
443 4250 588 4309 eiusdem
612 4249 789 4323 dignitatis

256 4366 305 4424 14.
330 4365 498 4440 ,Graviter
518 4365 766 4437 constanterque
787 4379 887 4422 senex
908 4364 1050 4423 nondum
1063 4380 1098 4422 se
1111 4364 1231 4423 fatetur
1244 4365 1382 4440 credere,

209 4495 268 4537 nec
302 4494 415 4537 verum
451 4479 542 4553 scire,
579 4495 619 4536 ne
654 4479 786 4538 amittat
820 4479 888 4537 vim
920 4480 1121 4554 vindicaturi,
1154 4481 1182 4538 si
1205 4480 1383 4540 rescierit.’'
