3230 5260
718 657 779 714 155

209 847 258 904 11.
284 844 444 904 Censen
463 857 587 917 posse
607 858 667 901 me
687 842 942 901 obfirmare?
962 845 1016 910 (so.
1038 841 1074 898 ut
1094 839 1159 898 ruri
1179 850 1332 895 maneam

160 959 194 1017 in
224 958 301 1018 urbe
325 957 437 1016 relicta
460 955 589 1023 Thaide)
614 955 771 1013 Phaedria
794 969 926 1013 servum
949 954 1050 1026 rogat.
1074 950 1280 1009 Annotantur
1300 950 1333 1007 et

160 1073 224 1131 alia
255 1073 288 1130 et
317 1071 413 1130 haec:
449 1070 538 1143 ,ideo
569 1069 653 1128 huno
680 1061 797 1142 putant
820 1083 884 1126 non
907 1082 1038 1126 censere
1061 1065 1136 1140 quia
1158 1065 1229 1138 ipsa
1252 1062 1331 1121 desi·

160 1187 251 1245 derat
273 1184 374 1244 deri.”
400 1184 503 1242 Sensu
526 1198 628 1242 cassa.
654 1182 768 1241 Melius
787 1182 870 1255 quod
890 1182 941 1240 est
960 1181 993 1239 in
1013 1181 1071 1239 Ms.
1092 1178 1218 1237 Hulst.:
1242 1175 1332 1250 ,ideo

159 1300 246 1358 huno
275 1299 368 1372 putat
394 1313 459 1356 non
483 1312 612 1355 censere
636 1295 711 1368 quia
734 1295 803 1369 ipse
827 1293 987 1353 desiderat
1010 1291 1111 1367 fieri,”
1136 1291 1219 1364 quod
1242 1289 1331 1348 Wes-

159 1412 327 1472 terhovius
349 1411 472 1484 probat.
493 1409 648 1482 Equidem
668 1409 684 1467 f
690 1408 770 1468 ieri
790 1408 902 1468 abesse
923 1407 1054 1468 malim:
1078 1406 1180 1481 ,quod
1200 1416 1332 1463 servum

161 1525 235 1585 vult
265 1527 298 1585 et
332 1525 492 1584 desiderat
526 1539 591 1582 non
625 1539 764 1597 censere,
797 1523 828 1581 id
860 1538 934 1581 eum
965 1536 1030 1581 non
1054 1535 1184 1580 censere
1206 1518 1331 1592 putat.'’

159 1638 372 1698 Sabbadinius
395 1652 452 1711 pro
474 1622 597 1711 putat
620 1635 720 1696 edidit
742 1637 858 1711 puta,
884 1635 968 1708 quod
991 1650 1055 1694 non
1079 1633 1232 1706 intelligo.

207 1753 257 1810 14.
293 1752 395 1826 ,Nam
426 1750 632 1824 ingratiis
661 1765 725 1809 non
748 1751 861 1809 ultro
884 1747 1062 1823 signifieat:
1088 1747 1163 1820 quia
1186 1746 1333 1805 ultronea

158 1866 288 1938 ingrata
307 1866 399 1923 sunt:
421 1864 592 1937 ingrata
611 1878 693 1935 quae
713 1863 752 1922 ab
772 1861 913 1922 inimicis
932 1860 1014 1920 fiunt
1027 1877 1063 1920 ae
1076 1859 1332 1920 recusantibus.'’

158 1979 244 2051 Lege
268 1993 347 2036 non
366 1976 481 2036 ultro
506 1977 651 2048 (utraque
670 1991 749 2035 voce
765 1976 868 2035 literis
881 1975 1069 2050 diremptis),
1084 1976 1116 2033 et
1135 1973 1333 2032 ultronea

158 2093 275 2166 grata
292 2095 358 2165 (pro
371 2092 556 2151 ultronea
572 2090 751 2166 ingrata),
765 2091 848 2163 quod
862 2092 894 2149 et
906 2089 1119 2149 Sabbadinius
1131 2088 1195 2147 dat.
1206 2086 1332 2147 Coniec-

158 2209 234 2266 tura
250 2204 470 2264 Westerhovii
489 2203 645 2262 invitis
664 2219 720 2277 pro
741 2203 933 2263 inimiois
952 2204 1090 2263 fortasse
1103 2215 1259 2276 opusnon
1272 2202 1331 2259 est.

205 2434 245 2509 II,
280 2434 308 2508 2,
344 2434 371 2491 1.
403 2431 449 2489 Di
485 2430 771 2500 immortales]
811 2430 1022 2504 „admirantis
1057 2427 1251 2488 exclamatio
1283 2428 1333 2485 est

159 2562 237 2606 cum
270 2546 404 2621 parasiti
438 2545 715 2619 gesticulatione.''
747 2545 842 2604 Haud
872 2545 985 2603 multis
1016 2543 1123 2602 verbis
1158 2557 1238 2616 opus
1260 2556 1333 2600 esse

159 2659 289 2718 videtur
312 2660 351 2718 ad
376 2658 667 2718 commendandam
690 2658 879 2717 lectionem:
896 2657 1118 2732 ¹„admirantis
1138 2653 1333 2716 exclamatio

159 2775 214 2833 est
235 2773 370 2847 parasiti
393 2789 468 2832 eum
491 2773 769 2846 gesticulatione.”

209 2889 258 2948 19.
283 2888 358 2947 His
381 2887 495 2964 uitro
519 2887 704 2958 arrideo]
737 2903 820 2962 „non
839 2889 924 2948 sicut
943 2889 976 2947 in
995 2886 1148 2962 parasitis
1159 2884 1228 2944 fieri
1240 2884 1332 2958 solet,

158 3005 197 3063 ut
228 3002 280 3060 his
313 3001 491 3061 arrideatur
514 3017 534 3060 a
556 3001 694 3077 regibus,
719 3017 819 3074 quum
842 3002 950 3075 potius
973 3000 1035 3076 ipsi
1058 2999 1153 3059 dietis
1175 2997 1333 3069 factisque

159 3116 287 3175 rideant
318 3114 441 3190 alienis,
471 3114 524 3174 hio
547 3130 619 3174 esse
642 3115 897 3190 intelligendum,
923 3114 1022 3174 etiam
1046 3128 1098 3173 res
1121 3112 1191 3185 ipsa
1214 3109 1335 3168 indicat
1446 3131 1448 3137 ·

161 3247 203 3289 ex
239 3229 408 3288 contrario.
444 3228 528 3287 Nam
559 3229 642 3300 quod
674 3227 720 3286 ait
743 3243 840 3301 supra
863 3227 929 3286 his
954 3243 1026 3300 ego
1050 3241 1128 3284 non
1151 3239 1249 3298 paro
1273 3238 1334 3281 me

160 3345 205 3402 ut
239 3341 410 3400 rideant
444 3340 505 3399 hoo
539 3355 556 3399 e
592 3341 751 3401 contrario
783 3340 933 3416 ostendit,
966 3340 1049 3412 quod
1081 3337 1269 3397 subiiciatur
1293 3351 1334 3394 ex

160 3455 289 3515 dietis.”
319 3453 487 3512 Sententia
506 3454 585 3512 haee
604 3454 794 3527 requiritur:
819 3453 1030 3528 „arridere
1049 3468 1114 3511 non
1134 3453 1185 3510 est
1205 3449 1288 3524 quod
1301 3449 1334 3507 in

159 3567 313 3643 parasitis
336 3565 406 3625 fieri
430 3567 521 3641 solet,
546 3568 583 3625 ut
603 3582 667 3626 non
686 3567 747 3641 ipsi
768 3567 905 3626 aliorum
925 3567 1011 3626 dieta
1030 3567 1179 3638 factaque
1198 3563 1332 3637 rideant,

160 3683 217 3742 sed
253 3680 305 3739 his
339 3680 518 3739 arrideatur
549 3695 568 3738 a
598 3681 750 3754 regibus;¹
776 3680 837 3740 hoo
860 3680 927 3740 iam
950 3681 1083 3754 apparet
1107 3694 1148 3736 ex
1171 3678 1241 3752 ipso
1264 3691 1333 3735 sen-

160 3795 339 3854 tentiarum
369 3809 466 3869 nexu,
491 3794 574 3866 quod
599 3795 686 3853 enim
709 3794 798 3867 prius
822 3793 921 3852 dixit:
946 3793 1012 3851 his
1037 3808 1109 3865 ego
1133 3807 1212 3851 non
1235 3805 1334 3864 paro

159 3923 221 3966 me
252 3909 297 3966 ut
327 3907 506 3982 rideant,
540 3906 600 3966 hoo
632 3923 648 3966 e
677 3906 836 3967 contrario
861 3906 1002 3966 ostendit
1026 3904 1057 3974 (i.
1082 3920 1109 3965 e.
1135 3901 1334 3978 oppositione

160 4021 347 4090 illustrat).”
379 4020 504 4078 Ultima
534 4020 648 4079 scholii
678 4021 786 4095 verba,
812 4035 893 4093 quae
917 4020 1031 4079 statim
1054 4020 1128 4093 post
1150 4017 1237 4076 istud
1260 4016 1335 4074 hoe

162 4135 422 4194 econtrario
454 4134 646 4194 ostendit
677 4135 836 4210 leguntur,
861 4135 942 4194 haee
965 4134 1057 4192 sunt:
1082 4132 1187 4206 quod
1209 4129 1333 4189 subii-

161 4249 302 4308 eiatur
333 4263 382 4306 ex
413 4247 560 4320 diotis;
593 4248 845 4323 corruptissima,
871 4248 927 4307 sed
950 4246 1087 4321 palmari
1110 4244 1335 4304 emendatione

162 4360 292 4421 sanavit
323 4360 545 4419 Sabbadinius
574 4361 651 4433 Legi
675 4360 763 4418 enim
786 4361 898 4419 iussit:
926 4360 1029 4435 ,quod
1053 4358 1245 4417 subiiciatur.
1264 4356 1335 4414 sed

163 4476 260 4534 his.'’
287 4473 437 4546 Sequitur
461 4474 548 4532 enirn
569 4475 651 4547 apud
671 4475 818 4547 poetam:
840 4474 916 4533 Sed
936 4474 1002 4533 his
1021 4473 1135 4532 ultro
1156 4469 1333 4530 arrideo.
