3254 5274
815 660 851 723 m

242 853 316 914 dedi
346 855 402 915 sed
432 853 605 914 relictis
636 853 760 912 rebus
791 852 987 912 omnibus
1019 851 1224 926 quaesivi.
1258 852 1338 930 Quid
1362 854 1414 917 1116

242 985 309 1027 11611
331 969 378 1028 ita
401 983 592 1043 expressum
615 969 652 1026 ut
676 966 757 1025 nihil
781 966 853 1026 addi
876 967 1024 1040 possit?'’

289 1097 336 1140 vs.
364 1083 435 1140 171.
483 1081 667 1155 Respondet
690 1080 805 1139 Thais:

733 1193 813 1268 Quid
837 1193 920 1269 istic,
945 1195 1126 1254 Phaedria?

312 1308 514 1382 Quamquam
537 1308 628 1367 illam
652 1308 744 1382 cupio
768 1307 933 1382 abducere,
959 1309 1055 1380 atque
1079 1308 1198 1368 haere
1223 1310 1359 1370 arbitror

310 1422 345 1480 Id
368 1421 437 1480 fieri
460 1437 554 1495 posse
577 1421 739 1480 maxime:
764 1436 880 1479 verum
903 1422 1015 1480 tamen

310 1535 421 1594 Potius
445 1551 543 1612 quam
566 1537 599 1594 te
623 1534 794 1593 inimicum
817 1534 965 1609 habeam,
990 1535 1109 1594 faciam
1132 1537 1169 1594 ut
1193 1536 1335 1596 iusseris.

241 1648 440 1708 Scholiasta:
486 1647 603 1724 „quid
646 1646 749 1706 istic
788 1647 968 1707 consentire
1003 1648 1187 1722 incipientis
1222 1651 1288 1723 est;
1325 1651 1416 1711 deest

239 1777 502 1822 remoramur
526 1763 582 1821 aut
607 1761 681 1834 quid
701 1761 798 1820 tale''.
821 1761 924 1836 Quam
944 1762 1195 1836 explicationem
1207 1764 1414 1824 verissimam

239 1891 314 1935 esse
338 1876 372 1934 hi
394 1877 456 1936 loci
476 1877 716 1936 demonstrant:
739 1875 837 1934 Andr.
859 1877 932 1951 572,
954 1875 1033 1935 Eun.
1055 1877 1129 1951 388,
1151 1877 1210 1936 Ad.
1234 1878 1295 1938 133
1317 1879 1413 1954 (350),

240 1991 317 2065 956,
342 1991 458 2050 Heaut.
487 1991 581 2049 1053.

289 2104 360 2162 175.
407 2103 471 2162 Vix
493 2104 574 2162 haec
597 2102 728 2161 Thaidis
753 2102 877 2161 audivit
900 2102 1121 2162 blandimenta
1149 2118 1223 2162 cum
1251 2104 1415 2164 exclamat

238 2219 415 2277 Phaedria:

330 2331 465 2390 Utinam
488 2331 573 2390 istuc
595 2331 731 2390 verbum
755 2346 797 2388 611
820 2330 929 2389 animo
954 2331 1077 2389 diceres

334 2446 464 2521 „Potius
488 2461 585 2518 quam
609 2447 641 2504 te
665 2445 834 2503 inimicum
857 2445 1016 2503 habeam''
1041 2448 1074 2503 et
1096 2445 1181 2504 istuc
1205 2446 1368 2505 crederem

331 2560 459 2618 Sincere
483 2560 553 2634 dici,
579 2559 706 2632 quidvis
730 2573 861 2632 possem
884 2558 1016 2632 perpeti.

236 2651 361 2731 Eadem
384 2672 484 2732 habes
507 2672 664 2732 vocabula
688 2672 771 2745 apud
795 2669 958 2730 Catullum
983 2672 1086 2742 (109):

418 2786 597 2844 Iucundum
620 2801 695 2844 mea
717 2785 786 2844 vita
809 2785 891 2843 mihi
914 2785 1064 2859 proponis
1087 2800 1233 2845 amorem

462 2899 557 2957 Hunc
579 2900 729 2958 nostrum
752 2898 836 2957 inter
859 2913 918 2957 nos
941 2900 1194 2972 perpetuumque
1218 2899 1294 2958 fore.

417 3013 456 3071 Di
479 3014 591 3087 magni
613 3013 709 3072 facite
732 3014 769 3070 ut
792 3028 890 3071 vere
913 3012 1102 3086 promittere
1125 3013 1229 3086 possit

463 3127 568 3200 Atque
592 3126 652 3186 hoc
676 3126 843 3184 sincere
867 3125 952 3184 dicat
976 3126 1009 3183 et
1033 3141 1081 3183 ex
1112 3126 1259 3185 animo.

239 3241 325 3316 Quos
338 3256 454 3300 versus
466 3255 577 3300 eorum
590 3255 688 3298 causa
700 3239 866 3313 exscripsi,
881 3238 909 3296 si
922 3239 975 3310 qui
988 3238 1236 3298 demonstrando
1250 3238 1413 3299 Catullum

238 3356 341 3414 etiam
364 3355 398 3413 in
421 3352 646 3428 pulcherrimis
669 3352 734 3411 illis
758 3352 796 3410 de
820 3366 878 3410 suo
903 3367 1013 3410 amore
1037 3352 1234 3410 carminibus
1257 3354 1414 3413 vocabula

238 3469 435 3542 surripuisse
474 3467 554 3541 aliis,
588 3467 718 3540 tempus
748 3466 880 3539 perdere
910 3464 1080 3524 voluerint.
1112 3465 1239 3524 Interea
1270 3466 1331 3524 hoc
1361 3467 1411 3526 ob-

238 3596 410 3641 servemus
441 3582 550 3641 omnia
580 3581 632 3638 hic
662 3578 787 3653 puellae
818 3579 917 3638 verba
944 3594 963 3637 a
992 3579 1150 3637 Phaedria
1181 3579 1283 3653 repeti
1312 3581 1349 3638 ut
1372 3581 1411 3638 si-

238 3695 370 3769 gnificet
395 3697 590 3768 quantopere
614 3695 654 3752 iis
679 3694 832 3766 capiatur.

285 3811 368 3870 Tum
391 3810 583 3869 Phaedriam
607 3809 704 3868 Thais
728 3808 820 3880 rogat
845 3806 919 3875 (179
950 3809 1033 3878 sq.):

418 3923 483 3997 Ego
506 3938 571 3982 non
595 3936 636 3980 ex
660 3921 768 3980 animo
792 3919 913 3978 misera
936 3919 1030 3976 dico?
1053 3933 1152 3990 quam
1176 3918 1244 3977 ioco

418 4036 500 4095 Rem
523 4035 655 4094 voluisti
679 4050 699 4092 a
720 4049 774 4092 me
798 4032 931 4091 tandem
955 4031 1031 4105 quin
1054 4031 1249 4105 perfeceris?

239 4149 384 4224 Respicit
414 4149 476 4208 hac
505 4147 756 4221 interrogatione
789 4161 902 4204 versus
936 4146 1074 4219 165-7,
1107 4145 1161 4203 ubi
1193 4159 1253 4203 sua
1277 4145 1360 4203 dona
1383 4146 1412 4204 ei

239 4264 416 4337 imputavit
438 4263 604 4322 Phaedria.

283 4377 354 4437 Non
378 4377 499 4435 diutius
517 4376 612 4435 biduo
631 4373 813 4448 praelatum
832 4372 871 4430 iri
891 4370 1030 4428 militem
1050 4369 1225 4428 Phaedriae
1245 4371 1411 4428 asseverat

160 4541 168 4550 .
240 4490 337 4549 Thais
362 4491 414 4549 his
437 4490 543 4548 verbis
568 4492 627 4560 (vs.
655 4488 745 4558 183):

1316 4587 1330 4629 a
