3230 5260
723 673 784 730 123

165 860 334 920 collatione
364 877 517 937 apparere
544 862 643 922 aliam
666 859 767 920 fuisse
789 861 963 920 lectionem
987 877 1003 920 e
1027 875 1090 933 qua
1110 862 1259 934 corrupta
1282 860 1338 919 illa

164 975 367 1035 vitiatum
399 991 538 1036 amore
568 978 646 1036 nata
676 976 728 1052 sit,
760 975 848 1034 iMius
878 976 990 1034 tamen
1020 973 1183 1034 sententia
1209 973 1338 1032 diversa

165 1103 235 1147 esse
266 1105 331 1148 non
360 1090 466 1164 potuit
497 1091 536 1150 ab
568 1106 614 1166 ea,
647 1105 745 1163 quam
769 1088 961 1162 Wielingius
984 1088 1137 1147 restituit.
1162 1087 1202 1146 Et
1224 1103 1337 1147 veram
1402 1141 1405 1146 .

164 1202 278 1262 scholii
312 1204 510 1263 sententiam
545 1219 620 1263 curn
654 1204 821 1277 habemus,
854 1201 1035 1261 desiderare
1066 1202 1133 1261 iarn
1163 1215 1337 1275 possumus

163 1316 252 1375 nihil.
285 1317 356 1377 Mon
387 1317 474 1376 enim
506 1333 558 1376 res
588 1317 681 1376 nobis
712 1318 762 1376 est
793 1331 868 1375 cum
897 1316 1032 1375 Platone
1064 1315 1169 1388 aliquo
1192 1314 1245 1374 vel
1268 1315 1336 1374 Ari·

164 1430 330 1505 stophane,
356 1431 447 1490 cuius
471 1431 599 1505 singula
618 1431 716 1490 verba
735 1431 860 1504 pondus
879 1430 1029 1504 habeant,
1050 1429 1107 1488 sed
1127 1444 1201 1488 curn
1220 1428 1337 1488 Donati

125 1624 128 1630 Ι
164 1543 382 1620 compilatore,
408 1545 518 1624 sedulo
543 1545 673 1618 quidem
696 1545 827 1604 homine
851 1544 907 1602 sed
930 1558 1046 1617 parum
1070 1542 1199 1601 diserto

207 1657 298 1717 Adel.
326 1659 379 1734 IV,
406 1660 435 1734 7,
449 1660 512 1748 Υ33.
538 1659 630 1718 Micio
653 1659 789 1718 fratrem
812 1674 964 1718 severum
987 1657 1123 1716 ludibrio
1147 1657 1260 1716 habet:
1285 1655 1338 1714 hio

163 1773 251 1832 enim
274 1774 421 1833 omnium
444 1789 553 1832 rerum
577 1775 708 1848 ignarus
727 1772 840 1848 fllium,
862 1788 958 1846 quem
978 1772 1106 1831 Micioni
1119 1771 1337 1844 adoptandum

163 1886 293 1962 dederit,
315 1904 379 1947 non
398 1903 535 1948 uxorem
554 1888 661 1947 solum
677 1889 810 1947 duxisse
823 1903 921 1961 quam
934 1887 1012 1946 olim
1023 1887 1173 1946 habuerit
1185 1885 1335 1961 amicam,

164 2001 219 2060 sed
250 2004 377 2076 praeter
408 2002 491 2062 hanc
522 2003 622 2062 etiam
652 2002 822 2075 psaltriam
845 2003 1009 2074 quandam
1031 2017 1088 2074 pro
1111 2016 1212 2060 uxore
1235 2001 1337 2074 patris

164 2115 306 2189 adoptivi
335 2115 422 2174 domi
452 2116 570 2175 habere
598 2115 714 2188 credit;
738 2115 830 2174 illam
854 2115 987 2174 alterius
1011 2130 1083 2173 esse
1106 2113 1173 2189 filii,
1198 2129 1338 2187 querna

164 2243 198 2286 se
229 2227 362 2300 antiqua
392 2229 566 2288 severitate
598 2229 750 2288 eductum
780 2228 911 2302 gloriari
942 2228 1053 2302 soleat,
1086 2244 1126 2287 ne
1154 2227 1338 2300 suspicatur

164 2343 301 2414 quidem.
333 2343 379 2401 De
410 2342 466 2402 illa
496 2345 607 2402 autem
637 2342 772 2417 psaltria
795 2342 1066 2401 iucundissimum
1089 2341 1150 2400 hoo
1173 2341 1256 2414 apud
1280 2341 1335 2399 Te·

164 2455 304 2515 rentium
327 2456 466 2516 fratrum
489 2456 648 2515 habemus
672 2457 877 2529 colloquium.
901 2456 965 2514 Ubi
987 2455 1109 2514 Demea
1132 2454 1231 2513 dixit:

340 2569 457 2642 Aliquo
481 2569 659 2629 abiicienda
682 2572 741 2645 est,
767 2571 795 2628 si
818 2585 883 2629 non
905 2570 1008 2644 pretio
1033 2571 1067 2628 at
1089 2569 1203 2643 gratiis

164 2683 255 2742 Micio
427 2751 430 2757 ,

340 2799 450 2872 Neque
473 2800 533 2874 est,
557 2814 661 2872 neque
684 2798 775 2858 illam
798 2814 877 2858 sane
901 2799 1014 2858 studeo
1037 2799 1176 2858 vendere

166 2912 217 2972 ait.
250 2912 354 2986 Rogat
383 2913 522 2972 Demea:
558 2912 658 2987 ,Quid
685 2913 783 2987 igitur
806 2913 949 2972 facies?”
975 2914 1007 2972 et
1030 2913 1123 2971 Micio
1146 2912 1335 2985 respondet:
1406 2901 1408 2905 ’

168 3025 278 3100 ,Domi
302 3027 394 3086 erit'’.
420 3026 481 3085 Hic
503 3026 625 3086 Demea
649 3027 828 3086 exclamat:

726 3141 787 3200 Pro
811 3141 907 3201 deum
931 3139 1044 3199 fidem!

341 3256 494 3315 Meretrix
517 3260 550 3315 et
573 3255 822 3315 materfamilias
845 3270 910 3314 una
929 3255 963 3314 in
986 3255 1080 3314 domo

206 3370 247 3429 M.
273 3368 336 3428 Gur
355 3371 443 3428 non?
463 3369 501 3429 D.
524 3370 646 3428 Sanum
665 3372 697 3428 te
719 3370 821 3429 credis
842 3371 937 3428 esse?
958 3369 999 3428 M.
1020 3369 1176 3442 Equidem
1189 3369 1335 3428 arbitror.

206 3483 245 3543 D.
274 3484 325 3542 Ita
347 3497 400 3541 me
422 3482 462 3541 Di
485 3484 606 3558 ament,
630 3484 667 3541 ut
690 3484 783 3542 video
807 3498 865 3557 ego
889 3484 981 3541 tuam
1005 3482 1170 3556 ineptiam,

269 3585 449 3656 ¹Facturum
473 3599 575 3672 credo,
600 3599 637 3656 ut
659 3597 779 3656 habeas
803 3598 933 3670 quicum
958 3596 1104 3656 cantites.

207 3711 247 3770 M.
273 3710 336 3771 Cur
354 3714 442 3770 non?
463 3711 500 3771 D.
522 3712 562 3771 Et
580 3727 665 3771 nova
683 3712 784 3784 nupta
797 3713 911 3770 eadam
924 3711 1003 3770 haec
1016 3711 1127 3771 discet.
1141 3710 1182 3769 M.
1198 3709 1334 3769 Scilicet.

207 3824 244 3884 D.
273 3826 321 3884 Tu
346 3825 429 3885 inter
453 3841 508 3885 eas
532 3826 646 3884 restim
670 3825 806 3884 ductans
830 3824 974 3884 saltabis.
999 3824 1040 3882 M.
1064 3824 1175 3884 Probe.

165 3937 211 3996 Ad
242 3941 282 3998 et
312 3955 419 3998 nova
442 3942 572 4013 nupta
596 3941 738 3998 eadem
762 3938 864 3998 haec
887 3939 1025 3997 discet
1049 3937 1128 3996 haec
1152 3936 1336 3996 invenimus

165 4054 334 4112 annotata:
370 4053 481 4128 „Alius
513 4054 683 4113 subaudiet
708 4053 866 4112 Dicere.
892 4053 962 4126 Sed,
988 4069 1006 4111 o
1029 4067 1149 4125 magna
1172 4050 1205 4107 in
1228 4049 1336 4108 verbis

165 4166 331 4241 elegantia,
357 4168 430 4227 vide
454 4167 541 4226 enirn
562 4183 659 4240 quam
679 4167 748 4225 vim
768 4163 928 4239 significet
946 4165 1105 4251 1111111.Ι
1123 4164 1162 4222 Ε1
1181 4163 1251 4222 ideo
1271 4179 1336 4221 non

164 4295 266 4338 uxor
289 4281 346 4340 sed
369 4297 475 4340 nova
498 4282 643 4355 nupta,
669 4296 767 4353 quam
791 4280 830 4339 ad
854 4280 964 4339 omnia
987 4279 1124 4338 docilem
1136 4293 1207 4336 esse
1227 4278 1335 4351 ipsum

164 4391 283 4452 indicat
306 4395 456 4453 nomen.'’
481 4395 571 4453 Bona
594 4396 645 4452 111
668 4394 834 4453 annotatio
858 4394 914 4452 sed
939 4395 1035 4466 caput
1058 4391 1127 4450 eius
1146 4391 1265 4449 misere
1285 4392 1336 4449 111
1361 4437 1365 4440 ,

163 4507 360 4585 mutilatum,
393 4507 445 4566 vel
475 4508 582 4584 potius
613 4523 670 4584 pro
702 4507 805 4584 capite
836 4506 954 4565 vulnus
977 4506 1144 4565 habemus.
1168 4505 1335 4578 integrum
