3254 5274
733 678 774 738 63

164 880 222 940 ,se
252 865 395 940 primum
425 866 626 941 interposuit,
659 868 695 925 ut
726 865 985 925 adolescentulus
1007 867 1121 942 potuit,
1146 867 1212 927 iam
1236 868 1337 929 fracto

160 977 301 1038 milite.”
1193 967 1195 972 ’

207 1093 431 1154 Convitiorum
455 1094 584 1153 illorum
607 1108 709 1152 unum
733 1095 783 1152 est
807 1097 866 1162 (νε.
892 1093 984 1164 798);
1012 1095 1205 1169 „Furcifer”
1231 1095 1338 1156 Perite

161 1211 276 1268 autem
296 1208 431 1268 annotat
451 1206 648 1266 Scholiasta:
672 1206 874 1282 ,incongrue
896 1208 933 1265 ut
953 1207 1123 1281 imperitus
1139 1209 1335 1286 adolescens

159 1321 301 1380 liberum
331 1320 502 1380 servilibus
533 1320 683 1380 convitiis
708 1319 884 1395 exagitat.”
910 1319 955 1380 Cf.
980 1322 1020 1380 ad
1045 1322 1118 1397 862,
1143 1323 1198 1382 ubi
1221 1323 1338 1384 ancilla

160 1450 199 1494 eo
223 1434 356 1494 nomine
379 1434 491 1494 utitur.
978 1427 981 1434 ’

205 1549 339 1609 Placare
358 1548 468 1607 studet
486 1547 725 1607 adolescentem
744 1547 851 1608 subito
867 1547 1052 1608 animosum
1064 1549 1187 1610 factum
1200 1551 1336 1628 Gnatho,

160 1663 240 1736 quin
260 1663 360 1723 etiam
380 1662 525 1721 medium
544 1677 579 1721 se
599 1661 783 1736 interponit,
797 1662 880 1734 quod
893 1665 1026 1737 apparet
1038 1679 1079 1723 ex
1091 1649 1208 1741 verbis,
1222 1666 1338 1739 quibus

160 1790 239 1834 eum
271 1775 444 1849 alloquitur
474 1775 629 1836 Chremes
659 1791 707 1835 vs.
734 1776 815 1835 799:
843 1775 933 1850 ,Non
956 1778 992 1835 tu
1015 1776 1090 1837 hino
1114 1778 1183 1837 abis
1192 1780 1228 1838 ?'’
1253 1779 1337 1839 Tum

160 1888 270 1949 subito
294 1889 348 1949 ille
371 1890 412 1949 ad
435 1889 576 1950 militem
600 1905 774 1949 conversus
799 1893 857 1959 (νε.
883 1891 947 1950 800
970 1895 1047 1964 sq.):

254 2003 329 2063 Scin
348 2006 385 2063 tu
403 2006 441 2063 111
459 2005 519 2064 tibi
538 2019 590 2063 res
610 2019 645 2086 se
665 2004 807 2064 habeat?
827 2005 856 2063 si
868 2005 1040 2078 quicquam
1052 2005 1146 2065 hodie
1158 2007 1211 2067 hic
1222 2007 1336 2067 turbae
1411 2069 1413 2075 ,

212 2109 215 2114 ’
1128 2121 1290 2196 [coeperis

252 2231 384 2291 Faciam
407 2234 443 2291 ut
466 2231 562 2291 huius
585 2232 648 2292 loci
671 2232 796 2305 dieique
819 2232 947 2306 meique
971 2248 1100 2308 semper
1118 2235 1317 2295 memineris.

205 2344 269 2430 Hic
293 2345 437 2405 Cnatho:

252 2458 382 2518 Miseret
412 2458 460 2517 tui
490 2474 553 2534 me,
579 2458 633 2532 qui
656 2459 742 2518 hunc
764 2460 894 2518 tantum
918 2459 1085 2519 hominem
1108 2462 1209 2521 facias
1232 2463 1335 2523 inimi-

1113 2579 1199 2646 [cum
1222 2577 1290 2636 tihi.

159 2686 260 2746 Vides
292 2701 390 2759 quarn
421 2687 569 2760 paratam
600 2685 719 2745 habeat
750 2685 877 2745 Gnatho
909 2687 1099 2746 simulatam
1130 2689 1221 2748 illam
1252 2705 1335 2749 com-

160 2800 407 2859 miserationem
445 2799 615 2859 hominum
650 2799 703 2872 qui
738 2814 797 2858 suo
833 2799 912 2872 Regi
947 2800 1167 2861 adversentur.
1204 2801 1260 2872 (Cf.
1296 2804 1336 2862 ad

160 2929 209 2973 vs.
235 2914 322 2985 418).
1162 2903 1166 2910 '

205 3027 392 3100 Sequuntur
415 3028 494 3087 haec
519 3029 622 3098 (803):

250 3141 438 3201 Diminuam
466 3157 524 3216 ego
544 3142 603 3201 tibi
624 3143 719 3216 caput
738 3141 832 3201 hodie
851 3143 914 3201 nisi
935 3142 1014 3202 abis.
1035 3143 1099 3202 Ain
1118 3159 1204 3220 vero,
1222 3145 1336 3205 canis?

252 3257 358 3316 Sicine
381 3257 475 3330 agis?
1087 3313 1090 3318 .

160 3369 223 3428 Hic
254 3370 353 3429 verba
383 3370 621 3429 Diminuam
655 3403 693 3412 -
727 3370 818 3429 abis
850 3371 926 3444 quin
954 3370 1119 3432 Chremeti
1142 3373 1247 3433 danda
1270 3375 1336 3435 sint

160 3498 225 3542 non
260 3484 312 3541 est
345 3483 487 3542 dubium.
519 3483 565 3542 De
597 3483 712 3543 ceteris
743 3483 921 3543 videamus.
955 3485 1088 3559 Semper
1118 3484 1155 3545 111
1186 3486 1337 3546 audacior

32 3656 35 3663 ,
160 3596 317 3656 Chremes
347 3599 381 3655 et
410 3597 555 3657 blandior
585 3596 757 3671 parasitus.
790 3597 860 3656 Non
891 3613 965 3672 ergo
997 3613 1017 3658 a
1046 3601 1188 3673 parasito
1213 3601 1336 3660 dictum

161 3711 272 3771 credo:
294 3711 372 3770 Ain
394 3726 509 3786 vero,
531 3711 674 3770 canis?
694 3726 796 3784 neque
818 3711 952 3770 credidit
973 3712 1162 3789 Scholiasta,
1184 3714 1238 3787 qui
1257 3713 1336 3773 illud

161 3825 281 3884 canis
316 3824 494 3884 convitium
528 3824 670 3884 militare
705 3825 791 3884 dicit.
825 3825 886 3884 Sed
917 3826 1054 3885 sicine
1085 3841 1104 3885 a
1112 3827 1177 3900 gis
1209 3827 1335 3900 egregie

160 3939 342 4012 parasitum
377 3938 484 3997 decet:
521 3939 571 3997 est
606 3938 693 3997 enim
728 3938 843 3997 leniter
874 3939 1071 4013 increpantis
1102 3941 1135 3998 et
1165 3939 1334 3998 conciliare

161 4051 333 4111 studentis.
365 4052 435 4110 Non
467 4053 517 4110 est
547 4051 743 4110 luculentius
775 4052 962 4126 exemplum
993 4068 1092 4125 quam
1113 4053 1195 4124 quod
1218 4067 1266 4111 νε.
1292 4054 1333 4111 99

160 4165 287 4240 legitur,
320 4164 375 4223 ubi
401 4165 517 4224 iisdem
540 4165 647 4224 verbis
670 4164 786 4224 leniter
809 4165 1046 4225 Parmenonem
1069 4166 1213 4238 increpat
1236 4165 1334 4244 Thais

161 4278 245 4350 quod
268 4279 384 4337 herum
407 4279 541 4352 instiget
565 4293 639 4336 cum
663 4278 838 4352 placandus
862 4279 908 4337 illi
933 4280 1029 4338 esset.

208 4392 309 4467 ,Quid
328 4394 365 4451 tu
384 4392 442 4451 tibi
462 4393 513 4451 vis
521 4393 557 4451 ?‘’
579 4407 598 4450 a
617 4391 721 4451 milite
741 4395 873 4466 rogatus
893 4391 1047 4451 Chremes
1060 4391 1089 4450 ei
1101 4405 1171 4449 rem
1184 4391 1332 4464 exponit:

161 4505 297 4565 liberam
321 4521 392 4564 esse
412 4506 503 4564 illam
522 4505 682 4578 virginem
701 4521 800 4579 quam
819 4506 914 4564 miles
933 4507 1032 4580 petat,
1048 4505 1168 4579 ciuem,
1190 4519 1334 4564 sororem
