<?xml version="1.0" encoding="UTF-8"?>
<!DOCTYPE html PUBLIC "-//W3C//DTD XHTML 1.0 Transitional//EN"
    "http://www.w3.org/TR/xhtml1/DTD/xhtml1-transitional.dtd">
<html xmlns="http://www.w3.org/1999/xhtml" xml:lang="en" lang="en">
 <head>
  <title>
</title>
<meta http-equiv="Content-Type" content="text/html;charset=utf-8" />
  <meta name='ocr-system' content='tesseract 3.04.00' />
  <meta name='ocr-capabilities' content='ocr_page ocr_carea ocr_par ocr_line ocrx_word'/>
</head>
<body>
  <div class='ocr_page' id='page_1' title='image "./deterentioetdon00hartgoog_0087.png"; bbox 0 0 3230 5260; ppageno 0'>
   <div class='ocr_carea' id='block_1_1' title="bbox 820 609 861 668">
    <p class='ocr_par' dir='ltr' id='par_1_1' title="bbox 820 609 861 668">
     <span class='ocr_line' id='line_1_1' title="bbox 820 609 861 668; baseline 0 0"><span class='ocrx_word' id='word_1_1' title='bbox 820 609 861 668; x_wconf 81' lang='lat'>72</span> 
     </span>
    </p>
   </div>
   <div class='ocr_carea' id='block_1_2' title="bbox 251 795 1419 1446">
    <p class='ocr_par' dir='ltr' id='par_1_2' title="bbox 251 795 1419 1446">
     <span class='ocr_line' id='line_1_2' title="bbox 252 795 1419 873; baseline -0.003 -15"><span class='ocrx_word' id='word_1_2' title='bbox 252 798 403 873; x_wconf 81' lang='lat' dir='ltr'>callidior,</span> <span class='ocrx_word' id='word_1_3' title='bbox 429 798 483 871; x_wconf 92' lang='lat' dir='ltr'>qui</span> <span class='ocrx_word' id='word_1_4' title='bbox 506 797 606 856; x_wconf 90' lang='lat' dir='ltr'>nollet</span> <span class='ocrx_word' id='word_1_5' title='bbox 626 795 788 869; x_wconf 81' lang='lat' dir='ltr'>egregiam</span> <span class='ocrx_word' id='word_1_6' title='bbox 809 795 1009 855; x_wconf 80' lang='lat' dir='ltr'>comoediam</span> <span class='ocrx_word' id='word_1_7' title='bbox 1029 795 1109 855; x_wconf 91' lang='lat' dir='ltr'>nihil</span> <span class='ocrx_word' id='word_1_8' title='bbox 1128 795 1235 854; x_wconf 80' lang='lat' dir='ltr'>valere</span> <span class='ocrx_word' id='word_1_9' title='bbox 1256 796 1296 854; x_wconf 93' lang='lat' dir='ltr'>ad</span> <span class='ocrx_word' id='word_1_10' title='bbox 1315 809 1419 854; x_wconf 90' lang='lat' dir='ltr'>mores</span> 
     </span>
     <span class='ocr_line' id='line_1_3' title="bbox 252 909 1418 996; baseline -0.009 -19"><span class='ocrx_word' id='word_1_11' title='bbox 252 918 479 977; x_wconf 81' lang='lat' dir='ltr'>emendandos</span> <span class='ocrx_word' id='word_1_12' title='bbox 504 915 669 974; x_wconf 87' lang='lat' dir='ltr'>Eiusmodi</span> <span class='ocrx_word' id='word_1_13' title='bbox 694 914 864 974; x_wconf 90' lang='lat' dir='ltr'>consilium</span> <span class='ocrx_word' id='word_1_14' title='bbox 885 913 951 972; x_wconf 91' lang='lat' dir='ltr'>iam</span> <span class='ocrx_word' id='word_1_15' title='bbox 969 911 1096 972; x_wconf 85' lang='lat' dir='ltr'>invenis</span> <span class='ocrx_word' id='word_1_16' title='bbox 1116 912 1149 972; x_wconf 91' lang='lat' dir='ltr'>in</span> <span class='ocrx_word' id='word_1_17' title='bbox 1170 909 1306 996; x_wconf 83' lang='lat' dir='ltr'>Scholiis</span> <span class='ocrx_word' id='word_1_18' title='bbox 1326 910 1365 968; x_wconf 93' lang='lat' dir='ltr'>ad</span> <span class='ocrx_word' id='word_1_19' title='bbox 1380 909 1418 983; x_wconf 89' lang='lat' dir='ltr'>II,</span> 
     </span>
     <span class='ocr_line' id='line_1_4' title="bbox 251 1032 440 1105; baseline -0.016 -14"><span class='ocrx_word' id='word_1_20' title='bbox 251 1033 280 1105; x_wconf 89' lang='lat'>3,</span> <span class='ocrx_word' id='word_1_21' title='bbox 307 1032 349 1089; x_wconf 88' lang='lat'>90</span> <span class='ocrx_word' id='word_1_22' title='bbox 373 1046 440 1103; x_wconf 89' lang='lat' dir='ltr'>sqq.</span> 
     </span>
     <span class='ocr_line' id='line_1_5' title="bbox 294 1145 594 1217; baseline 0 -15"><span class='ocrx_word' id='word_1_23' title='bbox 294 1145 416 1204; x_wconf 84' lang='lat' dir='ltr'>Versus</span> <span class='ocrx_word' id='word_1_24' title='bbox 441 1145 503 1203; x_wconf 83' lang='lat'>941</span> <span class='ocrx_word' id='word_1_25' title='bbox 529 1159 594 1217; x_wconf 90' lang='lat' dir='ltr'>sq:</span> 
     </span>
     <span class='ocr_line' id='line_1_6' title="bbox 427 1251 1237 1332; baseline -0.002 -16"><span class='ocrx_word' id='word_1_26' title='bbox 427 1257 493 1331; x_wconf 84' lang='lat' dir='ltr'>Ego</span> <span class='ocrx_word' id='word_1_27' title='bbox 516 1257 568 1332; x_wconf 92' lang='lat' dir='ltr'>pol</span> <span class='ocrx_word' id='word_1_28' title='bbox 592 1259 624 1316; x_wconf 90' lang='lat' dir='ltr'>te</span> <span class='ocrx_word' id='word_1_29' title='bbox 648 1272 705 1331; x_wconf 92' lang='lat' dir='ltr'>pro</span> <span class='ocrx_word' id='word_1_30' title='bbox 729 1258 802 1316; x_wconf 90' lang='lat' dir='ltr'>istis</span> <span class='ocrx_word' id='word_1_31' title='bbox 826 1257 921 1317; x_wconf 88' lang='lat' dir='ltr'>dictis</span> <span class='ocrx_word' id='word_1_32' title='bbox 945 1251 1104 1332; x_wconf 70' lang='lat' dir='ltr'>etratus,</span> <span class='ocrx_word' id='word_1_33' title='bbox 1131 1257 1237 1316; x_wconf 89' lang='lat' dir='ltr'>scelus</span> 
     </span>
     <span class='ocr_line' id='line_1_7' title="bbox 426 1370 1283 1446; baseline 0 -16"><span class='ocrx_word' id='word_1_34' title='bbox 426 1372 581 1446; x_wconf 90' lang='lat' dir='ltr'>Ulciscar,</span> <span class='ocrx_word' id='word_1_35' title='bbox 607 1373 706 1430; x_wconf 92' lang='lat' dir='ltr'>utne</span> <span class='ocrx_word' id='word_1_36' title='bbox 730 1371 848 1446; x_wconf 90' lang='lat' dir='ltr'>inpune</span> <span class='ocrx_word' id='word_1_37' title='bbox 872 1373 905 1430; x_wconf 92' lang='lat' dir='ltr'>in</span> <span class='ocrx_word' id='word_1_38' title='bbox 925 1388 983 1431; x_wconf 92' lang='lat' dir='ltr'>nos</span> <span class='ocrx_word' id='word_1_39' title='bbox 1004 1370 1154 1431; x_wconf 82' lang='lat' dir='ltr'>illuseris.</span> <span class='ocrx_word' id='word_1_40' title='bbox 1281 1429 1283 1440; x_wconf 80' lang='grc'>,</span> 
     </span>
    </p>
   </div>
   <div class='ocr_carea' id='block_1_3' title="bbox 146 1484 1421 1559">
    <p class='ocr_par' dir='ltr' id='par_1_3' title="bbox 146 1484 1421 1559">
     <span class='ocr_line' id='line_1_8' title="bbox 146 1484 1421 1559; baseline -0.002 -16"><span class='ocrx_word' id='word_1_41' title='bbox 146 1485 148 1492; x_wconf 86' lang='grc'><strong>’</strong></span> <span class='ocrx_word' id='word_1_42' title='bbox 251 1485 429 1558; x_wconf 82' lang='lat' dir='ltr'>(Pythiadis</span> <span class='ocrx_word' id='word_1_43' title='bbox 453 1500 491 1544; x_wconf 91' lang='lat' dir='ltr'>ea</span> <span class='ocrx_word' id='word_1_44' title='bbox 512 1484 611 1543; x_wconf 90' lang='lat' dir='ltr'>verba</span> <span class='ocrx_word' id='word_1_45' title='bbox 635 1486 721 1553; x_wconf 79' lang='lat' dir='ltr'>suut)</span> <span class='ocrx_word' id='word_1_46' title='bbox 745 1484 848 1543; x_wconf 92' lang='lat' dir='ltr'>multo</span> <span class='ocrx_word' id='word_1_47' title='bbox 872 1485 991 1543; x_wconf 89' lang='lat' dir='ltr'>melius</span> <span class='ocrx_word' id='word_1_48' title='bbox 1015 1485 1054 1544; x_wconf 91' lang='lat' dir='ltr'>ad</span> <span class='ocrx_word' id='word_1_49' title='bbox 1078 1486 1264 1559; x_wconf 74' lang='lat' dir='ltr'>aaa-925,</span> <span class='ocrx_word' id='word_1_50' title='bbox 1286 1498 1421 1556; x_wconf 92' lang='lat' dir='ltr'>quorum</span> 
     </span>
    </p>
   </div>
   <div class='ocr_carea' id='block_1_4' title="bbox 247 1598 1423 2695">
    <p class='ocr_par' dir='ltr' id='par_1_4' title="bbox 248 1598 474 1658">
     <span class='ocr_line' id='line_1_9' title="bbox 248 1598 474 1658; baseline -0.009 0"><span class='ocrx_word' id='word_1_51' title='bbox 248 1598 384 1658; x_wconf 89' lang='lat' dir='ltr'>ultimus</span> <span class='ocrx_word' id='word_1_52' title='bbox 408 1599 474 1656; x_wconf 90' lang='lat' dir='ltr'>est:</span> 
     </span>
    </p>

    <p class='ocr_par' dir='ltr' id='par_1_5' title="bbox 249 1711 1423 2012">
     <span class='ocr_line' id='line_1_10' title="bbox 383 1711 1322 1787; baseline 0 -17"><span class='ocrx_word' id='word_1_53' title='bbox 383 1712 543 1787; x_wconf 75' lang='lat' dir='ltr'>Quoniam</span> <span class='ocrx_word' id='word_1_54' title='bbox 567 1712 600 1770; x_wconf 91' lang='lat' dir='ltr'>et</span> <span class='ocrx_word' id='word_1_55' title='bbox 624 1726 721 1784; x_wconf 92' lang='lat' dir='ltr'>quam</span> <span class='ocrx_word' id='word_1_56' title='bbox 744 1726 858 1770; x_wconf 87' lang='lat' dir='ltr'>veram</span> <span class='ocrx_word' id='word_1_57' title='bbox 881 1711 1010 1771; x_wconf 92' lang='lat' dir='ltr'>laudem</span> <span class='ocrx_word' id='word_1_58' title='bbox 1035 1712 1139 1785; x_wconf 82' lang='lat' dir='ltr'>capiet</span> <span class='ocrx_word' id='word_1_59' title='bbox 1162 1713 1322 1770; x_wconf 87' lang='lat' dir='ltr'>Parmeno</span> 
     </span>
     <span class='ocr_line' id='line_1_11' title="bbox 249 1824 1423 1900; baseline 0 -16"><span class='ocrx_word' id='word_1_60' title='bbox 249 1827 430 1886; x_wconf 87' lang='lat' dir='ltr'>referuntur</span> <span class='ocrx_word' id='word_1_61' title='bbox 449 1841 547 1898; x_wconf 91' lang='lat' dir='ltr'>quarn</span> <span class='ocrx_word' id='word_1_62' title='bbox 568 1824 608 1883; x_wconf 92' lang='lat' dir='ltr'>ad</span> <span class='ocrx_word' id='word_1_63' title='bbox 628 1825 727 1883; x_wconf 90' lang='lat' dir='ltr'>istam</span> <span class='ocrx_word' id='word_1_64' title='bbox 747 1824 1009 1900; x_wconf 85' lang='lat' dir='ltr'>disputationem,</span> <span class='ocrx_word' id='word_1_65' title='bbox 1028 1825 1061 1884; x_wconf 91' lang='lat' dir='ltr'>in</span> <span class='ocrx_word' id='word_1_66' title='bbox 1074 1840 1137 1898; x_wconf 92' lang='lat' dir='ltr'>qua</span> <span class='ocrx_word' id='word_1_67' title='bbox 1149 1825 1259 1884; x_wconf 91' lang='lat' dir='ltr'>omnia</span> <span class='ocrx_word' id='word_1_68' title='bbox 1270 1825 1423 1898; x_wconf 89' lang='lat' dir='ltr'>languida</span> 
     </span>
     <span class='ocr_line' id='line_1_12' title="bbox 249 1937 1420 2012; baseline -0.001 -13"><span class='ocrx_word' id='word_1_69' title='bbox 249 1942 281 1999; x_wconf 93' lang='lat' dir='ltr'>et</span> <span class='ocrx_word' id='word_1_70' title='bbox 304 1939 428 1998; x_wconf 90' lang='lat' dir='ltr'>insulsa</span> <span class='ocrx_word' id='word_1_71' title='bbox 451 1939 537 1997; x_wconf 87' lang='lat' dir='ltr'>sunt.</span> <span class='ocrx_word' id='word_1_72' title='bbox 561 1937 700 1997; x_wconf 89' lang='lat' dir='ltr'>Versum</span> <span class='ocrx_word' id='word_1_73' title='bbox 725 1939 788 1997; x_wconf 85' lang='grc'>936</span> <span class='ocrx_word' id='word_1_74' title='bbox 814 1937 880 1996; x_wconf 91' lang='lat' dir='ltr'>iam</span> <span class='ocrx_word' id='word_1_75' title='bbox 903 1937 1070 2011; x_wconf 81' lang='lat' dir='ltr'>Bentiejus</span> <span class='ocrx_word' id='word_1_76' title='bbox 1093 1939 1239 2012; x_wconf 89' lang='lat' dir='ltr'>spurium</span> <span class='ocrx_word' id='word_1_77' title='bbox 1260 1939 1420 1998; x_wconf 88' lang='lat' dir='ltr'>censebat.</span> 
     </span>
    </p>

    <p class='ocr_par' dir='ltr' id='par_1_6' title="bbox 247 2051 1423 2695">
     <span class='ocr_line' id='line_1_13' title="bbox 292 2051 1423 2124; baseline -0.001 -13"><span class='ocrx_word' id='word_1_78' title='bbox 292 2052 547 2112; x_wconf 89' lang='lat' dir='ltr'>Prudentissime</span> <span class='ocrx_word' id='word_1_79' title='bbox 582 2052 622 2110; x_wconf 92' lang='lat' dir='ltr'>ad</span> <span class='ocrx_word' id='word_1_80' title='bbox 656 2051 825 2124; x_wconf 89' lang='lat' dir='ltr'>Pythiadis</span> <span class='ocrx_word' id='word_1_81' title='bbox 855 2052 954 2111; x_wconf 90' lang='lat' dir='ltr'>verba</span> <span class='ocrx_word' id='word_1_82' title='bbox 984 2052 1080 2112; x_wconf 90' lang='lat' dir='ltr'>modo</span> <span class='ocrx_word' id='word_1_83' title='bbox 1111 2052 1211 2111; x_wconf 88' lang='lat' dir='ltr'>citata</span> <span class='ocrx_word' id='word_1_84' title='bbox 1241 2051 1423 2111; x_wconf 78' lang='lat' dir='ltr'>Scholiasta</span> 
     </span>
     <span class='ocr_line' id='line_1_14' title="bbox 249 2163 1422 2241; baseline -0.003 -14"><span class='ocrx_word' id='word_1_85' title='bbox 249 2168 399 2227; x_wconf 89' lang='lat' dir='ltr'>annotat:</span> <span class='ocrx_word' id='word_1_86' title='bbox 434 2165 532 2240; x_wconf 88' lang='lat' dir='ltr'>,Miro</span> <span class='ocrx_word' id='word_1_87' title='bbox 564 2163 698 2223; x_wconf 91' lang='lat' dir='ltr'>artificio</span> <span class='ocrx_word' id='word_1_88' title='bbox 729 2167 864 2238; x_wconf 83' lang='lat' dir='ltr'>poetae&#39;&#39;</span> <span class='ocrx_word' id='word_1_89' title='bbox 897 2165 927 2235; x_wconf 90' lang='lat' dir='ltr'>(i.</span> <span class='ocrx_word' id='word_1_90' title='bbox 941 2182 968 2225; x_wconf 93' lang='lat' dir='ltr'>e.</span> <span class='ocrx_word' id='word_1_91' title='bbox 993 2165 1143 2241; x_wconf 76' lang='lat' dir='ltr'>Terentii,</span> <span class='ocrx_word' id='word_1_92' title='bbox 1169 2165 1224 2239; x_wconf 94' lang='lat' dir='ltr'>qui</span> <span class='ocrx_word' id='word_1_93' title='bbox 1247 2166 1308 2225; x_wconf 92' lang='lat' dir='ltr'>hac</span> <span class='ocrx_word' id='word_1_94' title='bbox 1330 2167 1422 2240; x_wconf 91' lang='lat' dir='ltr'>parte</span> 
     </span>
     <span class='ocr_line' id='line_1_15' title="bbox 248 2277 1420 2349; baseline -0.001 -10"><span class='ocrx_word' id='word_1_95' title='bbox 248 2279 413 2339; x_wconf 88' lang='lat' dir='ltr'>Menandri</span> <span class='ocrx_word' id='word_1_96' title='bbox 436 2278 658 2337; x_wconf 88' lang='lat' dir='ltr'>oeconomiam</span> <span class='ocrx_word' id='word_1_97' title='bbox 682 2277 861 2337; x_wconf 84' lang='lat' dir='ltr'>festivitate</span> <span class='ocrx_word' id='word_1_98' title='bbox 884 2294 945 2338; x_wconf 91' lang='lat' dir='ltr'>sua</span> <span class='ocrx_word' id='word_1_99' title='bbox 965 2293 1140 2338; x_wconf 86' lang='lat' dir='ltr'>exornasse</span> <span class='ocrx_word' id='word_1_100' title='bbox 1160 2279 1340 2338; x_wconf 89' lang='lat' dir='ltr'>censendus</span> <span class='ocrx_word' id='word_1_101' title='bbox 1360 2282 1420 2349; x_wconf 82' lang='lat' dir='ltr'>est)</span> 
     </span>
     <span class='ocr_line' id='line_1_16' title="bbox 250 2392 1419 2468; baseline 0.003 -16"><span class='ocrx_word' id='word_1_102' title='bbox 250 2395 303 2468; x_wconf 89' lang='lat' dir='ltr'>,et</span> <span class='ocrx_word' id='word_1_103' title='bbox 322 2393 361 2452; x_wconf 92' lang='lat' dir='ltr'>ab</span> <span class='ocrx_word' id='word_1_104' title='bbox 381 2393 472 2452; x_wconf 88' lang='lat' dir='ltr'>initio</span> <span class='ocrx_word' id='word_1_105' title='bbox 492 2407 557 2452; x_wconf 91' lang='lat' dir='ltr'>non</span> <span class='ocrx_word' id='word_1_106' title='bbox 575 2392 721 2465; x_wconf 90' lang='lat' dir='ltr'>placatur</span> <span class='ocrx_word' id='word_1_107' title='bbox 736 2392 872 2466; x_wconf 82' lang='lat' dir='ltr'>Pythias</span> <span class='ocrx_word' id='word_1_108' title='bbox 884 2408 944 2451; x_wconf 88' lang='lat' dir='ltr'>nec</span> <span class='ocrx_word' id='word_1_109' title='bbox 956 2393 989 2451; x_wconf 92' lang='lat' dir='ltr'>in</span> <span class='ocrx_word' id='word_1_110' title='bbox 1001 2394 1141 2466; x_wconf 87' lang='lat' dir='ltr'>gratiam</span> <span class='ocrx_word' id='word_1_111' title='bbox 1154 2393 1237 2453; x_wconf 90' lang='lat' dir='ltr'>redit</span> <span class='ocrx_word' id='word_1_112' title='bbox 1249 2393 1419 2455; x_wconf 79' lang='lat' dir='ltr'>Chaereae.</span> 
     </span>
     <span class='ocr_line' id='line_1_17' title="bbox 247 2506 1421 2583; baseline 0.002 -17"><span class='ocrx_word' id='word_1_113' title='bbox 247 2508 287 2566; x_wconf 89' lang='lat' dir='ltr'>Et</span> <span class='ocrx_word' id='word_1_114' title='bbox 316 2507 447 2580; x_wconf 92' lang='lat' dir='ltr'>insuper</span> <span class='ocrx_word' id='word_1_115' title='bbox 477 2521 562 2565; x_wconf 91' lang='lat' dir='ltr'>nunc</span> <span class='ocrx_word' id='word_1_116' title='bbox 592 2506 673 2565; x_wconf 90' lang='lat' dir='ltr'>mire</span> <span class='ocrx_word' id='word_1_117' title='bbox 705 2521 724 2564; x_wconf 88' lang='lat' dir='ltr'>a</span> <span class='ocrx_word' id='word_1_118' title='bbox 754 2506 955 2565; x_wconf 88' lang='lat' dir='ltr'>Parmenone</span> <span class='ocrx_word' id='word_1_119' title='bbox 986 2506 1132 2566; x_wconf 91' lang='lat' dir='ltr'>irritatur</span> <span class='ocrx_word' id='word_1_120' title='bbox 1161 2507 1277 2583; x_wconf 91' lang='lat' dir='ltr'>magis,</span> <span class='ocrx_word' id='word_1_121' title='bbox 1305 2509 1342 2566; x_wconf 94' lang='lat' dir='ltr'>ut</span> <span class='ocrx_word' id='word_1_122' title='bbox 1364 2523 1421 2582; x_wconf 89' lang='lat' dir='ltr'>per</span> 
     </span>
     <span class='ocr_line' id='line_1_18' title="bbox 249 2621 1421 2695; baseline 0.005 -15"><span class='ocrx_word' id='word_1_123' title='bbox 249 2636 321 2680; x_wconf 91' lang='lat' dir='ltr'>earn</span> <span class='ocrx_word' id='word_1_124' title='bbox 341 2622 500 2682; x_wconf 86' lang='lat' dir='ltr'>Parmeno</span> <span class='ocrx_word' id='word_1_125' title='bbox 520 2622 679 2680; x_wconf 89' lang='lat' dir='ltr'>terreatur</span> <span class='ocrx_word' id='word_1_126' title='bbox 699 2623 732 2680; x_wconf 94' lang='lat' dir='ltr'>et</span> <span class='ocrx_word' id='word_1_127' title='bbox 751 2636 807 2694; x_wconf 90' lang='lat' dir='ltr'>per</span> <span class='ocrx_word' id='word_1_128' title='bbox 827 2621 1063 2680; x_wconf 88' lang='lat' dir='ltr'>Parmenonem</span> <span class='ocrx_word' id='word_1_129' title='bbox 1075 2622 1199 2695; x_wconf 87' lang='lat' dir='ltr'>ingredi</span> <span class='ocrx_word' id='word_1_130' title='bbox 1211 2623 1251 2682; x_wconf 93' lang='lat' dir='ltr'>ad</span> <span class='ocrx_word' id='word_1_131' title='bbox 1263 2623 1421 2685; x_wconf 79' lang='lat' dir='ltr'>Thaidem</span> 
     </span>
    </p>
   </div>
   <div class='ocr_carea' id='block_1_5' title="bbox 246 2735 1421 3024">
    <p class='ocr_par' dir='ltr' id='par_1_7' title="bbox 246 2735 1421 3024">
     <span class='ocr_line' id='line_1_19' title="bbox 248 2735 1419 2824; baseline 0.004 -29"><span class='ocrx_word' id='word_1_132' title='bbox 248 2737 380 2809; x_wconf 87' lang='lat' dir='ltr'>cogatur</span> <span class='ocrx_word' id='word_1_133' title='bbox 413 2752 523 2810; x_wconf 83' lang='lat' dir='ltr'>senex,</span> <span class='ocrx_word' id='word_1_134' title='bbox 561 2737 593 2794; x_wconf 91' lang='lat' dir='ltr'>et</span> <span class='ocrx_word' id='word_1_135' title='bbox 624 2735 755 2794; x_wconf 90' lang='lat' dir='ltr'>demum</span> <span class='ocrx_word' id='word_1_136' title='bbox 786 2751 842 2809; x_wconf 92' lang='lat' dir='ltr'>per</span> <span class='ocrx_word' id='word_1_137' title='bbox 872 2751 985 2794; x_wconf 92' lang='lat' dir='ltr'>senem</span> <span class='ocrx_word' id='word_1_138' title='bbox 1016 2735 1148 2824; x_wconf 83' lang='lat' dir='ltr'>nuptiae</span> <span class='ocrx_word' id='word_1_139' title='bbox 1179 2735 1419 2800; x_wconf 86' lang='lat' dir='ltr'>confirmentur.</span> 
     </span>
     <span class='ocr_line' id='line_1_20' title="bbox 246 2847 1421 2928; baseline 0.004 -20"><span class='ocrx_word' id='word_1_140' title='bbox 246 2850 335 2909; x_wconf 90' lang='lat' dir='ltr'>Haec</span> <span class='ocrx_word' id='word_1_141' title='bbox 370 2865 444 2923; x_wconf 88' lang='lat' dir='ltr'>ergo</span> <span class='ocrx_word' id='word_1_142' title='bbox 480 2847 655 2910; x_wconf 86' lang='lat' dir='ltr'>artificibus</span> <span class='ocrx_word' id='word_1_143' title='bbox 690 2851 723 2910; x_wconf 91' lang='lat' dir='ltr'>et</span> <span class='ocrx_word' id='word_1_144' title='bbox 757 2848 879 2928; x_wconf 90' lang='lat' dir='ltr'>peritis,</span> <span class='ocrx_word' id='word_1_145' title='bbox 917 2851 1024 2911; x_wconf 87' lang='lat' dir='ltr'>cetera</span> <span class='ocrx_word' id='word_1_146' title='bbox 1058 2851 1294 2928; x_wconf 84' lang='lat' dir='ltr'>spectatoribus</span> <span class='ocrx_word' id='word_1_147' title='bbox 1324 2855 1421 2927; x_wconf 80' lang='lat' dir='ltr'>poeta</span> 
     </span>
     <span class='ocr_line' id='line_1_21' title="bbox 247 2964 410 3024; baseline -0.006 0"><span class='ocrx_word' id='word_1_148' title='bbox 247 2964 410 3024; x_wconf 82' lang='lat' dir='ltr'>exhibet.&#39;’</span> 
     </span>
    </p>
   </div>
   <div class='ocr_carea' id='block_1_6' title="bbox 235 3077 1419 4316">
    <p class='ocr_par' dir='ltr' id='par_1_8' title="bbox 242 3077 1419 3502">
     <span class='ocr_line' id='line_1_22' title="bbox 288 3077 1419 3160; baseline 0.007 -24"><span class='ocrx_word' id='word_1_149' title='bbox 288 3077 502 3138; x_wconf 89' lang='lat' dir='ltr'>Perterritura</span> <span class='ocrx_word' id='word_1_150' title='bbox 537 3095 611 3153; x_wconf 89' lang='lat' dir='ltr'>ergo</span> <span class='ocrx_word' id='word_1_151' title='bbox 643 3081 879 3142; x_wconf 90' lang='lat' dir='ltr'>Parmenonem</span> <span class='ocrx_word' id='word_1_152' title='bbox 911 3099 1023 3144; x_wconf 87' lang='lat' dir='ltr'>secum</span> <span class='ocrx_word' id='word_1_153' title='bbox 1054 3086 1189 3160; x_wconf 86' lang='lat' dir='ltr'>Pythias</span> <span class='ocrx_word' id='word_1_154' title='bbox 1219 3087 1419 3145; x_wconf 86' lang='lat' dir='ltr'>lamentatur</span> 
     </span>
     <span class='ocr_line' id='line_1_23' title="bbox 244 3192 1419 3274; baseline 0.009 -25"><span class='ocrx_word' id='word_1_155' title='bbox 244 3192 282 3250; x_wconf 93' lang='lat' dir='ltr'>de</span> <span class='ocrx_word' id='word_1_156' title='bbox 313 3192 414 3250; x_wconf 92' lang='lat' dir='ltr'>atroci</span> <span class='ocrx_word' id='word_1_157' title='bbox 444 3208 478 3250; x_wconf 94' lang='lat' dir='ltr'>re</span> <span class='ocrx_word' id='word_1_158' title='bbox 510 3208 607 3264; x_wconf 90' lang='lat' dir='ltr'>quarn</span> <span class='ocrx_word' id='word_1_159' title='bbox 632 3194 720 3254; x_wconf 90' lang='lat' dir='ltr'>intus</span> <span class='ocrx_word' id='word_1_160' title='bbox 743 3193 813 3254; x_wconf 90' lang='lat' dir='ltr'>fieri</span> <span class='ocrx_word' id='word_1_161' title='bbox 837 3200 1050 3272; x_wconf 84' lang='lat' dir='ltr'>conspexerit.</span> <span class='ocrx_word' id='word_1_162' title='bbox 1076 3200 1115 3261; x_wconf 84' lang='lat' dir='ltr'>Et</span> <span class='ocrx_word' id='word_1_163' title='bbox 1139 3201 1321 3274; x_wconf 90' lang='lat' dir='ltr'>alloquente</span> <span class='ocrx_word' id='word_1_164' title='bbox 1345 3215 1419 3260; x_wconf 90' lang='lat' dir='ltr'>eam</span> 
     </span>
     <span class='ocr_line' id='line_1_24' title="bbox 243 3305 1419 3392; baseline 0.012 -30"><span class='ocrx_word' id='word_1_165' title='bbox 243 3305 452 3381; x_wconf 89' lang='lat' dir='ltr'>Parmenone,</span> <span class='ocrx_word' id='word_1_166' title='bbox 485 3321 582 3379; x_wconf 90' lang='lat' dir='ltr'>quern</span> <span class='ocrx_word' id='word_1_167' title='bbox 606 3323 641 3366; x_wconf 91' lang='lat' dir='ltr'>se</span> <span class='ocrx_word' id='word_1_168' title='bbox 665 3324 728 3368; x_wconf 92' lang='lat' dir='ltr'>non</span> <span class='ocrx_word' id='word_1_169' title='bbox 751 3311 860 3370; x_wconf 92' lang='lat' dir='ltr'>videre</span> <span class='ocrx_word' id='word_1_170' title='bbox 885 3313 1042 3372; x_wconf 91' lang='lat' dir='ltr'>hactenus</span> <span class='ocrx_word' id='word_1_171' title='bbox 1066 3315 1295 3378; x_wconf 81' lang='lat' dir='ltr'>simulaverat:</span> <span class='ocrx_word' id='word_1_172' title='bbox 1324 3314 1419 3392; x_wconf 85' lang='lat' dir='ltr'>,quid</span> 
     </span>
     <span class='ocr_line' id='line_1_25' title="bbox 242 3419 1204 3502; baseline 0.012 -26"><span class='ocrx_word' id='word_1_173' title='bbox 242 3419 334 3494; x_wconf 90' lang='lat' dir='ltr'>istuc,</span> <span class='ocrx_word' id='word_1_174' title='bbox 360 3419 519 3491; x_wconf 85' lang='lat' dir='ltr'>Pythias?</span> <span class='ocrx_word' id='word_1_175' title='bbox 544 3421 619 3494; x_wconf 91' lang='lat' dir='ltr'>quid</span> <span class='ocrx_word' id='word_1_176' title='bbox 642 3423 711 3482; x_wconf 90' lang='lat' dir='ltr'>ais”</span> <span class='ocrx_word' id='word_1_177' title='bbox 737 3425 909 3499; x_wconf 90' lang='lat' dir='ltr'>respondet</span> <span class='ocrx_word' id='word_1_178' title='bbox 933 3430 991 3495; x_wconf 89' lang='lat' dir='ltr'>(vs.</span> <span class='ocrx_word' id='word_1_179' title='bbox 1018 3429 1079 3487; x_wconf 81' lang='lat'>947</span> <span class='ocrx_word' id='word_1_180' title='bbox 1105 3433 1204 3502; x_wconf 89' lang='lat' dir='ltr'>sqq.):</span> 
     </span>
    </p>

    <p class='ocr_par' dir='ltr' id='par_1_9' title="bbox 235 3538 1417 4316">
     <span class='ocr_line' id='line_1_26' title="bbox 540 3538 1148 3612; baseline 0.013 -19"><span class='ocrx_word' id='word_1_181' title='bbox 540 3549 544 3553; x_wconf 85' lang='grc'><strong>’</strong></span> <span class='ocrx_word' id='word_1_182' title='bbox 750 3538 883 3612; x_wconf 89' lang='lat' dir='ltr'>Rogitas</span> <span class='ocrx_word' id='word_1_183' title='bbox 908 3541 1148 3602; x_wconf 87' lang='lat' dir='ltr'>audacissime?</span> 
     </span>
     <span class='ocr_line' id='line_1_27' title="bbox 328 3645 1417 3735; baseline 0.016 -32"><span class='ocrx_word' id='word_1_184' title='bbox 328 3645 500 3705; x_wconf 90' lang='lat' dir='ltr'>Perdidisti</span> <span class='ocrx_word' id='word_1_185' title='bbox 521 3648 622 3707; x_wconf 88' lang='lat' dir='ltr'>istum</span> <span class='ocrx_word' id='word_1_186' title='bbox 643 3665 739 3723; x_wconf 89' lang='lat' dir='ltr'>quern</span> <span class='ocrx_word' id='word_1_187' title='bbox 752 3652 887 3712; x_wconf 85' lang='lat' dir='ltr'>adduxti</span> <span class='ocrx_word' id='word_1_188' title='bbox 898 3669 955 3728; x_wconf 94' lang='lat' dir='ltr'>pro</span> <span class='ocrx_word' id='word_1_189' title='bbox 969 3656 1114 3715; x_wconf 90' lang='lat' dir='ltr'>eunucho</span> <span class='ocrx_word' id='word_1_190' title='bbox 1128 3657 1417 3735; x_wconf 90' lang='lat' dir='ltr'>adolescentulum,</span> 
     </span>
     <span class='ocr_line' id='line_1_28' title="bbox 326 3759 894 3828; baseline 0.018 -10"><span class='ocrx_word' id='word_1_191' title='bbox 326 3759 411 3821; x_wconf 90' lang='lat' dir='ltr'>Dum</span> <span class='ocrx_word' id='word_1_192' title='bbox 435 3765 547 3824; x_wconf 89' lang='lat' dir='ltr'>studes</span> <span class='ocrx_word' id='word_1_193' title='bbox 571 3766 647 3825; x_wconf 91' lang='lat' dir='ltr'>dare</span> <span class='ocrx_word' id='word_1_194' title='bbox 674 3768 771 3827; x_wconf 90' lang='lat' dir='ltr'>verba</span> <span class='ocrx_word' id='word_1_195' title='bbox 793 3769 894 3828; x_wconf 89' lang='lat' dir='ltr'>nobis.</span> 
     </span>
     <span class='ocr_line' id='line_1_29' title="bbox 237 3873 1415 3962; baseline 0.015 -32"><span class='ocrx_word' id='word_1_196' title='bbox 237 3873 431 3936; x_wconf 87' lang='lat' dir='ltr'>Rectissime</span> <span class='ocrx_word' id='word_1_197' title='bbox 459 3877 639 3939; x_wconf 79' lang='lat' dir='ltr'>Scholiasta</span> <span class='ocrx_word' id='word_1_198' title='bbox 663 3883 814 3940; x_wconf 90' lang='lat' dir='ltr'>annotat:</span> <span class='ocrx_word' id='word_1_199' title='bbox 842 3882 1034 3957; x_wconf 90' lang='lat' dir='ltr'>,artificiose</span> <span class='ocrx_word' id='word_1_200' title='bbox 1059 3900 1123 3945; x_wconf 91' lang='lat' dir='ltr'>non</span> <span class='ocrx_word' id='word_1_201' title='bbox 1147 3890 1278 3947; x_wconf 89' lang='lat' dir='ltr'>accusat</span> <span class='ocrx_word' id='word_1_202' title='bbox 1302 3889 1375 3962; x_wconf 94' lang='lat' dir='ltr'>quid</span> <span class='ocrx_word' id='word_1_203' title='bbox 1394 3883 1415 3958; x_wconf 87' lang='lat'>¹)</span> 
     </span>
     <span class='ocr_line' id='line_1_30' title="bbox 237 3990 1414 4076; baseline 0.014 -31"><span class='ocrx_word' id='word_1_204' title='bbox 237 3990 418 4059; x_wconf 87' lang='lat' dir='ltr'>peccaverit</span> <span class='ocrx_word' id='word_1_205' title='bbox 442 3992 597 4051; x_wconf 83' lang='lat' dir='ltr'>adversus</span> <span class='ocrx_word' id='word_1_206' title='bbox 622 3993 787 4070; x_wconf 87' lang='lat' dir='ltr'>Thaidem,</span> <span class='ocrx_word' id='word_1_207' title='bbox 810 3996 902 4069; x_wconf 88' lang='lat' dir='ltr'>quasi</span> <span class='ocrx_word' id='word_1_208' title='bbox 923 4012 965 4056; x_wconf 84' lang='lat' dir='ltr'>ex</span> <span class='ocrx_word' id='word_1_209' title='bbox 984 4013 1087 4071; x_wconf 90' lang='lat' dir='ltr'>poena</span> <span class='ocrx_word' id='word_1_210' title='bbox 1107 3999 1320 4060; x_wconf 90' lang='lat' dir='ltr'>adolescentis</span> <span class='ocrx_word' id='word_1_211' title='bbox 1340 4002 1414 4076; x_wconf 89' lang='lat' dir='ltr'>plus</span> 
     </span>
     <span class='ocr_line' id='line_1_31' title="bbox 235 4099 893 4176; baseline 0.015 -19"><span class='ocrx_word' id='word_1_212' title='bbox 235 4099 341 4160; x_wconf 90' lang='lat' dir='ltr'>doleat</span> <span class='ocrx_word' id='word_1_213' title='bbox 364 4118 462 4176; x_wconf 91' lang='lat' dir='ltr'>quam</span> <span class='ocrx_word' id='word_1_214' title='bbox 486 4106 644 4166; x_wconf 89' lang='lat' dir='ltr'>irascatur</span> <span class='ocrx_word' id='word_1_215' title='bbox 667 4107 893 4169; x_wconf 90' lang='lat' dir='ltr'>Parmenoni.”</span> 
     </span>
     <span class='ocr_line' id='line_1_32' title="bbox 278 4212 1411 4316; baseline 0.019 -47"><span class='ocrx_word' id='word_1_216' title='bbox 278 4212 360 4272; x_wconf 90' lang='lat' dir='ltr'>Tum</span> <span class='ocrx_word' id='word_1_217' title='bbox 395 4232 465 4276; x_wconf 91' lang='lat' dir='ltr'>rem</span> <span class='ocrx_word' id='word_1_218' title='bbox 503 4218 606 4293; x_wconf 83' lang='lat' dir='ltr'>,mira</span> <span class='ocrx_word' id='word_1_219' title='bbox 641 4221 793 4281; x_wconf 89' lang='lat' dir='ltr'>tarditate</span> <span class='ocrx_word' id='word_1_220' title='bbox 829 4223 868 4281; x_wconf 91' lang='lat' dir='ltr'>ad</span> <span class='ocrx_word' id='word_1_221' title='bbox 903 4225 1117 4316; x_wconf 89' lang='lat' dir='ltr'>torquendum</span> <span class='ocrx_word' id='word_1_222' title='bbox 1152 4227 1411 4300; x_wconf 78' lang='lat' dir='ltr'>Parmenonem’</span> 
     </span>
    </p>
   </div>
   <div class='ocr_carea' id='block_1_7' title="bbox 259 4463 403 4530">
    <p class='ocr_par' dir='ltr' id='par_1_10' title="bbox 259 4463 403 4530">
     <span class='ocr_line' id='line_1_33' title="bbox 259 4463 403 4530; baseline 0 -6"><span class='ocrx_word' id='word_1_223' title='bbox 259 4463 314 4524; x_wconf 59' lang='lat'>¹212·</span> <span class='ocrx_word' id='word_1_224' title='bbox 331 4465 403 4530; x_wconf 73' lang='lat' dir='ltr'>nou</span> 
     </span>
    </p>
   </div>
   <div class='ocr_carea' id='block_1_8' title="bbox 0 0 1620 5257">
    <p class='ocr_par' dir='ltr' id='par_1_11' title="bbox 0 0 1620 5257">
     <span class='ocr_line' id='line_1_34' title="bbox 0 0 1620 5257; baseline 0 0"><span class='ocrx_word' id='word_1_225' title='bbox 0 0 1620 5257; x_wconf 95' lang='lat' dir='ltr'> </span> 
     </span>
    </p>
   </div>
  </div>
 </body>
</html>
