3234 5254
806 673 868 730 235

247 856 373 914 iuvenis
397 857 487 915 illam
510 858 607 916 ducat
630 874 728 931 quam
752 873 787 916 66
811 858 983 916 ducturum
1007 858 1077 917 tarn
1101 856 1182 915 belle
1205 856 1419 931 simulaverit,

247 983 321 1027 oum
355 969 437 1027 forte
471 969 600 1029 fortuna
634 971 668 1029 16
698 970 837 1029 eundem
867 970 975 1029 locum
1006 967 1092 1028 Crito
1120 968 1270 1044 Andrius,
1297 969 1421 1028 amicae

247 1081 334 1140 illius
365 1082 454 1157 611116,
487 1084 585 1158 venit,
619 1085 673 1156 qui
697 1085 747 1143 dei
771 1098 812 1141 ex
835 1080 1421 1141 166611166111616116166116116661

245 1194 399 1268 perducat
429 1196 565 1256 exitum.
598 1197 715 1256 Narrat
746 1197 834 1255 enim
865 1163 1006 1254 amicam
1037 1194 1128 1253 illam
1151 1208 1216 1252 non
1240 1208 1312 1252 esse
1334 1209 1420 1268 pere·

245 1307 372 1380 grinam
396 1310 452 1368 sed
472 1310 715 1386 Atheniensem,
737 1326 840 1384 neque
860 1310 1095 1369 Atheniensem
1115 1307 1221 1366 solum
1242 1307 1299 1366 sed
1319 1307 1421 1380 ipsius

246 1419 332 1479 illius
355 1421 491 1495 virginis
514 1437 669 1498 sororem,
694 1439 776 1497 quae
801 1424 939 1482 amatori
964 1423 1034 1481 eius
1058 1423 1160 1481 invito
1181 1423 1231 1480 est
1250 1421 1419 1495 desponsa.

289 1535 337 1593 En
367 1534 507 1595 Andriae
534 1537 750 1624 *Menandreae
781 1538 1011 1610 argumentum
1034 1535 1267 1595 brevissimum
1290 1535 1421 1608 quidem

245 1649 302 1707 sed
332 1649 366 1707 in
396 1664 458 1722 quo
489 1650 569 1709 nihil
601 1651 712 1709 tamen
740 1651 784 1709 sit
807 1651 967 1710 omissum
991 1649 1075 1723 quod
1098 1649 1235 1708 alicuius
1259 1663 1331 1707 esse
1354 1662 1420 1707 mo-

245 1763 347 1822 menti
378 1763 480 1822 videri
510 1763 622 1836 possit.
655 1764 801 1823 Profecto
830 1765 924 1823 exilis
949 1779 987 1822 ea
1010 1765 1061 1822 est
1084 1763 1236 1836 narratio,
1262 1778 1353 1837 quae,
1379 1778 1420 1821 ne

245 1875 273 1933 si
297 1875 330 1933 in
353 1891 451 1934 scena
470 1877 600 1948 quidem
620 1891 718 1949 quam
738 1877 859 1951 optime
880 1877 1003 1951 agatur,
1025 1876 1201 1949 quidquam
1220 1875 1318 1934 habet
1337 1876 1421 1947 quod

244 2003 439 2062 magnopere
459 1990 662 2063 spectantem
683 1990 931 2062 audientemque
952 1989 1089 2048 delectet
1107 1989 1158 2047 vel
1171 1988 1323 2048 detineat.
1337 1988 1420 2047 Turn

245 2100 377 2159 demum
411 2100 517 2174 lepida
550 2099 587 2160 fit
622 2116 696 2160 oum
732 2102 813 2161 alter
844 2103 975 2175 quidam
1007 2101 1182 2160 intervenit
1205 2101 1341 2176 iuvenis,
1367 2102 1420 2174 qui

245 2214 350 2287 ipsam
382 2215 473 2273 illam
504 2214 674 2289 virginem,
706 2230 805 2288 quam
829 2216 961 2289 spernat
984 2215 1070 2288 prior
1093 2214 1156 2289 1116,
1182 2215 1420 2274 ardentissimis

245 2328 331 2387 votis
355 2327 416 2386 sibi
439 2343 576 2387 uxorem
601 2329 717 2402 cupiat.
743 2328 838 2388 Hunc
862 2329 949 2388 enim
973 2329 1051 2403 eius,
1077 2343 1174 2401 quem
1198 2327 1260 2386 sibi
1283 2328 1419 2387 rivalem

244 2442 346 2514 putat,
383 2441 591 2500 simulatione
626 2442 797 2515 deceptum
831 2443 916 2500 inter
950 2456 1042 2515 spem
1073 2442 1263 2513 metumque
1287 2441 1420 2500 dubium

245 2553 443 2626 anxiumque
470 2554 659 2613 haerentem
683 2554 816 2614 videbis.
841 2554 987 2614 Profecto
1012 2554 1189 2627 excogitari
1212 2554 1317 2628 potuit
1339 2554 1420 2613 nihil

244 2665 383 2725 iocosius
411 2666 559 2739 magisve
583 2667 743 2726 comicum
767 2683 866 2741 quam
889 2669 937 2726 ira
960 2667 1112 2740 dolorque
1136 2667 1269 2725 alterius
1293 2667 1419 2726 iuvenis

244 2779 392 2852 servique
416 2795 458 2838 ex
481 2781 615 2839 alterius
638 2795 702 2839 non
725 2781 891 2841 intellecta
913 2781 1122 2840 simulatione
1145 2781 1322 2840 nascentia.

287 2892 407 2952 Deinde
430 2893 641 2953 verissimum
666 2895 820 2967 estquod
840 2895 993 2954 observat
1013 2894 1203 2969 Scholiasta,
1225 2910 1289 2953 non
1302 2893 1419 2953 additis

244 3005 381 3066 Charino
404 3007 581 3080 Byrriaque
604 3007 718 3080 tragici
742 3006 861 3080 aliquid
881 3007 1067 3067 habituram
1086 3008 1187 3067 1111666
1207 3007 1417 3068 comoediam.

244 3119 324 3193 Quid
347 3120 459 3180 enim?
482 3119 580 3194 Virgo
604 3121 772 3195 quaedam,
797 3121 934 3180 honesto
958 3120 1027 3180 loco
1051 3122 1137 3195 nata,
1163 3121 1202 3180 ab
1220 3121 1329 3197 aliquo
1349 3120 1418 3179 cive

243 3231 276 3290 in
306 3233 553 3292 matrimonium
583 3233 704 3306 petitur
726 3233 814 3292 illius
838 3231 912 3308 11116,
939 3235 1071 3308 666116
1095 3219 1285 3309 spondetur,
1305 3234 1419 3294 deinde

242 3349 387 3422 negatur,
430 3347 550 3406 iterum
592 3348 776 3423 spondetur,
813 3348 933 3408 iterum
968 3350 1113 3424 negatur,
1152 3349 1252 3408 donec
1286 3333 1419 3408 tandem

243 3460 413 3532 aliquando
444 3462 577 3534 apparet
604 3461 696 3519 illam
718 3460 879 3520 facessere
902 3461 968 3519 iam
992 3475 1087 3534 posse
1110 3460 1228 3533 illaque
1252 3475 1332 3535 opus
1355 3477 1419 3521 non

243 3588 323 3648 esse,
356 3573 518 3648 quoniam,
551 3573 579 3631 si
607 3574 711 3632 iustas
734 3573 865 3648 nuptias
889 3574 1059 3633 contrahat
1082 3573 1269 3633 adolescens
1292 3574 1355 3650 ille,
1380 3576 1419 3635 de

242 3701 304 3759 quo
339 3687 454 3761 agitur,
486 3687 566 3744 nihil
597 3687 704 3746 obstet
735 3688 908 3760 quominus
940 3702 1015 3746 cum
1046 3687 1101 3746 illa
1128 3687 1298 3746 contrahat
1321 3702 1416 3760 quam

241 3813 317 3858 vere
341 3800 438 3874 amet,
463 3800 721 3873 quandoquidem
745 3801 778 3859 61
801 3801 856 3860 1116
879 3801 1015 3859 honesto
1039 3800 1109 3858 loco
1132 3801 1210 3858 nata
1229 3802 1419 3874 spretaeque

241 3911 328 3971 illius
363 3928 500 3987 sponsae
535 3929 625 3974 soror
660 3915 712 3974 sit.
749 3915 841 3974 Nunc
875 3916 977 3974 altera
1012 3930 1102 3974 soror
1135 3930 1209 3974 cum
1240 3914 1355 3987 plausu
1387 3915 1419 3974 61

242 4025 457 4098 gratulatione
488 4028 656 4102 excipitur,
682 4028 784 4086 altera
807 4028 943 4101 innupta
966 4030 1078 4087 manet
1101 4030 1210 4101 spreta
1234 4027 1420 4100 contempta

241 4139 361 4199 reiecta
391 4139 485 4212 idque
508 4142 681 4214 postquam
705 4141 927 4199 crudelissime
950 4141 1013 4200 huo
1036 4141 1112 4199 illuc
1135 4141 1228 4212 rapta
1251 4140 1418 4212 tractaque

242 4251 294 4310 sit.
332 4251 434 4326 Quem
469 4268 533 4312 non
567 4252 672 4336 tristis
707 4253 793 4311 illius
829 4254 927 4313 sortis
961 4253 1140 4312 misereat?
1171 4250 1419 4311 066116611116
1459 4261 1464 4269 ·

241 4378 366 4437 quoque
398 4366 536 4440 amatur,
569 4365 663 4437 idque
690 4366 814 4424 sincere
846 4368 943 4425 etex
967 4367 1086 4442 661166,
1112 4366 1140 4424 61
1164 4365 1307 4424 61666116
1330 4364 1417 4423 111166

241 4473 279 4535 fit
301 4493 384 4537 uxor
406 4479 579 4550 postquam
602 4477 630 4535 is
655 4492 779 4550 quoque
803 4478 853 4537 oui
878 4479 974 4537 antea
993 4479 1099 4538 fuerat
1119 4479 1260 4553 obtrusa,
1282 4493 1418 4537 uxorem
