3254 5274
863 637 905 700 68

288 827 342 886 ubi
374 828 494 887 credo
522 843 621 901 quam
645 829 728 888 solet
751 828 907 888 ironicam
930 829 999 887 vim
1022 829 1136 902 habet;
1161 831 1269 889 cetera
1292 828 1371 890 fient
1394 847 1457 904 per·

288 943 399 1016 spicua
432 943 460 1001 si
495 941 696 1016 reputaveris
727 943 781 1016 qui
812 943 952 1002 maiores
983 959 1104 1017 poenas
1134 945 1245 1002 sumat
1275 958 1374 1016 quarn
1404 959 1457 1017 pro

288 1056 408 1114 sceiere
432 1056 575 1115 admisso
600 1057 683 1130 apud
707 1056 800 1115 illum
823 1056 922 1116 debiti
946 1057 1065 1130 aliquid
1088 1057 1238 1116 residere.

332 1169 416 1229 Tum
439 1170 553 1228 statim
576 1169 690 1229 Thais:
718 1169 836 1244 ,Missa
859 1171 939 1229 haec
962 1170 1152 1230 faciamus.”
1177 1171 1288 1230 Haec
1307 1170 1457 1230 iocularia

289 1286 321 1342 et
351 1283 466 1342 futilia.
499 1283 551 1342 Sic
582 1283 779 1343 Scholiasta:
811 1282 1010 1342 rectissime:
1043 1297 1107 1342 non
1139 1283 1227 1343 enim
1250 1283 1317 1342 iam
1340 1283 1458 1342 Dorum

289 1413 363 1456 eum
388 1397 528 1471 appellat
551 1397 603 1456 vei
627 1413 701 1456 cum
726 1413 762 1456 eo
786 1399 956 1470 tamquam
981 1412 1055 1456 cum
1080 1412 1174 1456 servo
1197 1397 1348 1471 loquitur.

333 1511 470 1570 Deinde:
498 1511 587 1586 ,Non
606 1513 638 1570 te
659 1510 801 1585 dignum,
823 1510 974 1585 Chaerea,
995 1509 1134 1570 fecisti.”
1154 1510 1280 1569 Nomen
1300 1509 1458 1570 Chaereae

289 1625 336 1683 sic
369 1625 531 1683 adiectum
566 1624 883 1683 commiserationem
918 1625 1079 1697 quandam
1111 1624 1217 1683 habet.
1251 1624 1333 1682 Tum
1365 1641 1459 1683 suum

290 1739 460 1798 consilium
484 1739 567 1810 quod
591 1738 688 1797 fuerit
712 1738 861 1812 exponit;
886 1740 1067 1811 postremo:

841 1850 1047 1911 Conturbasti
1071 1850 1153 1909 mihi

489 1966 642 2025 Rationes
667 1965 782 2040 omnia,
807 1967 844 2024 ut
869 1981 942 2024 eam
965 1981 1030 2023 non
1053 1963 1177 2038 possim
1201 1964 1270 2023 suis

390 2080 464 2139 870.
489 2081 539 2139 Ita
562 2083 599 2138 ut
622 2096 758 2153 aequom
782 2079 888 2138 iuerat
911 2081 1007 2153 atque
1031 2081 1068 2138 ut
1091 2079 1200 2137 studui
1224 2079 1360 2153 tradere,

488 2194 533 2252 Ut
556 2193 696 2252 solidum
719 2209 866 2268 parerem
889 2193 935 2250 mi
959 2193 1020 2250 hoc
1042 2191 1244 2267 beneficium,
1272 2191 1422 2252 Chaerea.

333 2306 392 2381 Qui
410 2305 602 2365 beneficium
622 2306 709 2380 iacit,
731 2306 759 2364 is
779 2306 839 2365 sibi
860 2306 943 2378 apud
964 2320 1039 2365 eum
1053 2306 1193 2365 cuifacit
1205 2307 1344 2379 gratiam
1356 2307 1455 2381 parit;

287 2423 319 2479 et
349 2419 454 2493 gratia
484 2420 540 2478 iiia
569 2419 714 2478 thesauri
745 2419 913 2478 cuiusdam
944 2420 1048 2478 instar
1079 2422 1137 2478 est.
1167 2418 1212 2479 Cf.
1237 2420 1455 2479 Herodoteum

287 2528 305 2609 ἡ
337 2533 418 2612 χάρις
449 2529 609 2592 ἀπόκειται.
640 2534 803 2593 Flebiiiter
835 2549 909 2607 ergo
940 2533 1085 2606 queritur
1112 2533 1227 2592 Thais:
1252 2549 1458 2608 speraveram

285 2648 352 2707 iore
384 2651 419 2707 ut
449 2648 527 2707 iilud
557 2646 748 2707 beneficium
779 2648 860 2706 mihi
891 2647 1064 2706 thesaurus
1091 2648 1223 2720 quidam
1246 2646 1346 2722 fieret,
1372 2663 1455 2733 nunc

286 2764 322 2820 tu
346 2761 427 2820 mihi
451 2777 524 2821 earn
548 2777 640 2836 spem
664 2761 824 2820 ademisti.

332 2873 450 2934 Contra
473 2874 616 2934 Chaerea
639 2876 713 2944 (872
738 2878 835 2947 sqq.):

398 2991 441 3048 At
464 3005 549 3048 nunc
572 2987 687 3048 dehinc
710 3003 802 3061 spero
822 2990 989 3046 aeternam
1013 2989 1096 3046 inter
1120 3003 1179 3047 nos
1202 2988 1343 3061 gratiam

398 3103 487 3176 Fore,
513 3102 620 3160 Thais.
645 3117 741 3175 saepe
766 3116 807 3158 ex
830 3101 1014 3159 huiusmodi
1037 3117 1071 3159 re
1096 3101 1248 3175 quapiam

401 3216 483 3275 Maio
507 3215 661 3289 principio
686 3230 806 3288 magna
828 3215 1034 3273 familiaritas

400 3328 586 3388 Conflatast.

288 3443 382 3501 Haud
409 3458 543 3516 parvam
571 3443 741 3516 emphasin
764 3442 861 3501 habet
883 3428 962 3500 iilud
986 3444 1043 3500 at:
1069 3441 1210 3501 affirmat
1230 3442 1318 3500 enim
1334 3441 1459 3501 iuvenis

288 3558 417 3615 tantum
456 3557 569 3615 abesse
607 3559 644 3614 ut
675 3557 830 3614 damnum
861 3555 973 3614 fecerit
1004 3554 1102 3612 Thais
1132 3557 1169 3613 ut
1203 3554 1288 3612 haud
1323 3570 1460 3628 parvum

288 3669 414 3756 lucrum
445 3670 485 3728 ad
516 3685 588 3728 eam
620 3669 803 3743 perveniat:
836 3685 892 3742 pro
923 3668 1061 3726 solido
1092 3667 1306 3726 beneficio
1331 3669 1461 3728 habebit

289 3786 506 3841 aeternam
549 3783 742 3856 gratiam.
783 3784 844 3842 Sed
883 3798 1000 3841 sanum
1035 3797 1107 3840 esse
1142 3781 1387 3841 huiusmodi
1421 3797 1460 3840 re

289 3897 484 3969 quapiam
515 3897 572 3955 vix
604 3897 696 3956 credo
725 3898 757 3955 et
788 3898 821 3955 in
851 3899 921 3955 tarn
945 3896 1058 3970 lepidis
1082 3895 1252 3954 versiculis
1275 3895 1460 3969 languidam

288 4011 387 4069 istam
410 4010 584 4069 verborum
607 4009 789 4068 ubertatem
813 4025 877 4068 non
900 4010 976 4085 fero,
1002 4009 1059 4068 sed
1083 4009 1158 4080 quid
1182 4023 1278 4081 agam
1301 4009 1420 4068 nescio.

332 4125 454 4182 Ludere
482 4125 594 4181 tamen
617 4125 650 4182 et
673 4123 816 4182 deridere
840 4122 953 4184 fictum
976 4122 1168 4181 Eunuchum
1191 4123 1296 4196 pergit
1315 4122 1458 4195 Pythias,

290 4237 499 4310 consultoque
522 4251 570 4294 vs
597 4236 678 4294 882:

400 4350 443 4409 Te
467 4365 592 4424 quoque
616 4350 682 4408 iam
707 4350 813 4426 Thais,
839 4351 886 4410 ita
909 4365 962 4408 me
987 4350 1018 4408 di
1040 4349 1121 4408 bene
1146 4350 1265 4424 ament,
1292 4364 1375 4408 amo.

288 4463 376 4522 Haec
408 4465 489 4537 grati
522 4463 621 4522 animi
653 4466 795 4524 testandi
826 4463 965 4523 formula
999 4464 1050 4537 ,te
1082 4464 1177 4522 amo’'
1210 4463 1342 4536 (gratias
1374 4463 1459 4521 enim
