3230 5260
280 855 470 914 annotatur:
509 853 599 927 ,Non
633 851 716 910 dixit
746 851 829 924 quod
860 849 930 923 soit,
963 849 1020 907 sed
1044 849 1127 920 quod
1150 863 1265 906 verum
1289 848 1347 921 put
1366 848 1388 906 t.
1411 847 1447 904 Et

281 969 332 1027 est
355 966 449 1045 δόγμα
469 959 686 1041 Ἐπικούρειον,
709 965 793 1038 quod
816 963 972 1043 avceteris
991 961 1191 1036 philosophis
1210 961 1394 1035 repudiatur
1412 961 1447 1019 de

281 1081 346 1141 otio
370 1081 502 1140 deorum
523 1094 560 1139 ac
583 1079 715 1153 perenni
737 1077 935 1150 voluptate.”
1446 1143 1448 1146 ¹

325 1195 415 1257 Adel.
452 1194 475 1268 I,
507 1195 534 1269 1,
564 1193 624 1251 44:
663 1192 742 1267 ,Qui
776 1207 873 1250 suum
909 1190 1049 1250 officium
1083 1190 1182 1249 facit”
1218 1190 1266 1249 sic
1298 1187 1445 1248 vertitur:

281 1306 315 1387 „d
339 1307 371 1368 τὸ
394 1313 533 1385 καθῆκον
555 1299 674 1365 ποιῶν.”

325 1425 375 1485 Ad
409 1422 500 1483 Adel.
531 1422 588 1496 III,
618 1423 647 1496 3,
673 1421 714 1480 32
738 1420 876 1479 refertur
898 1419 1040 1478 narratio
1064 1418 1103 1478 de
1127 1417 1260 1477 Thalete
1284 1418 1316 1476 et
1339 1415 1449 1476 ancilla

281 1536 430 1610 Thressa,
455 1551 536 1608 quae
560 1536 667 1595 estin
690 1533 835 1594 Platonis
858 1533 1043 1593 Theaeteto.

327 1651 456 1709 Phorm.
489 1650 512 1724 I,
546 1650 575 1724 2,
608 1652 645 1709 6:
678 1649 727 1708 Ad
758 1649 857 1707 verba
884 1648 1033 1707 Nescis
1058 1647 1199 1720 quoin
1222 1648 1336 1706 metu
1359 1659 1447 1703 anno-

281 1768 386 1825 tatur:
426 1765 533 1839 ,Duae
567 1765 846 1840 perturbationum
877 1764 979 1838 bigae,
1013 1778 1032 1821 a
1062 1762 1149 1821 malo
1173 1777 1247 1837 una,
1273 1777 1315 1820 ex
1339 1759 1448 1834 cupitis

281 1881 392 1940 altera.
421 1879 503 1953 Ergo
527 1878 670 1938 amali
692 1879 775 1952 bigis
798 1877 979 1952 praesentis
1001 1877 1158 1951 temporis
1181 1876 1359 1950 periculum
1382 1889 1449 1933 esse

281 1994 420 2052 dicimus
439 1994 472 2052 et
483 1992 583 2051 futuri
595 1975 754 2051 metum.'’
768 1992 923 2066 Sumptae
935 1991 997 2050 hae
1008 1990 1100 2064 bigae
1113 2007 1130 2049 e
1143 1989 1287 2049 Platonis
1300 1988 1448 2047 Phaedro.

281 2107 506 2182 Philosophica
530 2123 614 2182 ergo,
639 2122 721 2180 quae
744 2106 778 2165 in
801 2106 933 2165 scholiis
956 2106 1115 2181 leguntur,
1141 2106 1250 2165 omnia
1274 2106 1350 2163 sunt
1373 2104 1450 2162 eius-

282 2223 356 2281 dem
379 2222 506 2296 generis
530 2224 562 2281 et
584 2223 715 2281 tantum
737 2237 802 2280 non
826 2220 936 2280 omnia
959 2236 1001 2279 ex
1024 2221 1137 2280 eodem
1160 2221 1248 2280 fonte
1272 2221 1396 2278 hausta.

776 2434 962 2444 ...--——-

252 2605 255 2614 ·
325 2582 487 2642 Haeccine
507 2597 581 2656 ergo
601 2584 671 2642 tarn
691 2583 819 2642 diversa
839 2583 877 2642 ab
893 2599 957 2642 uno
969 2582 1094 2643 Donato
1106 2583 1250 2657 profecta
1262 2584 1452 2642 credamus?

281 2697 437 2771 Equidem
468 2711 566 2770 nego;
595 2697 652 2755 sed
676 2696 829 2770 quoniam
853 2713 927 2757 cum
950 2697 1030 2755 viris
1054 2697 1156 2756 doctis
1180 2697 1348 2771 digladiari
1371 2696 1450 2770 nolo,

281 2794 489 2887 pertinaciter
523 2810 759 2871 affirmantibus
794 2812 966 2870 concedere
1001 2826 1075 2869 surn
1106 2813 1248 2887 paratus,
1281 2811 1452 2870 dummodo

282 2928 364 2987 mihi
388 2927 564 2986 concedant
587 2926 643 3001 illi,
669 2927 697 2984 si
720 2928 791 2985 tam
814 2927 923 2985 variae
946 2925 1021 2984 illae
1045 2926 1270 2986 annotationes
1294 2926 1334 2984 ad
1354 2941 1451 2984 unum

281 3043 447 3102 auctorem
478 3042 544 3100 sint
568 3041 762 3114 referendae,
789 3041 882 3099 illum
906 3041 945 3099 de
969 3039 1117 3100 Terentio
1141 3040 1328 3114 scripsisse:
1354 3056 1452 3099 unum

281 3158 400 3217 librum
418 3157 739 3231 praestantissimum
758 3155 1044 3231 utilissimumque,
1066 3172 1177 3230 unum,
1196 3157 1250 3228 qui
1262 3172 1281 3215 a
1293 3157 1452 3232 proposito

281 3271 376 3345 plane
399 3271 443 3328 sit
463 3269 597 3345 alienus,
618 3271 783 3343 postremo
803 3271 870 3329 tres
883 3272 1060 3343 quatuorve
1073 3269 1185 3345 plenos
1196 3286 1358 3344 nugarum
1371 3272 1451 3345 inep-

281 3386 473 3458 tiarumque.
498 3384 641 3457 Denique
665 3384 726 3443 hoc
748 3400 874 3460 moneo,
901 3399 975 3444 cum
999 3385 1241 3445 observationes
1267 3385 1451 3460 „scenicae”

282 3500 353 3568 (hoc
380 3499 466 3558 enim
493 3500 646 3558 vocabulo
669 3499 839 3557 brevitatis
863 3500 915 3557 hic
939 3514 1037 3557 causa
1060 3501 1142 3567 utor)
1167 3499 1377 3572 aequabiliter
1400 3515 1452 3572 per

280 3614 387 3672 totum
408 3627 539 3687 sparsae
560 3612 626 3670 sint
646 3613 926 3687 commentarium,
948 3613 989 3670 iis
1008 3628 1090 3685 quae
1111 3628 1152 3671 ex
1172 3613 1234 3672 alio
1250 3628 1367 3686 genere
1379 3613 1453 3671 sunt

280 3741 377 3800 saepe
400 3727 523 3785 multas
547 3727 696 3801 deinceps
719 3728 854 3801 paginas
879 3743 995 3803 carere,
1018 3727 1131 3786 deinde
1150 3727 1257 3786 subito
1278 3728 1452 3788 rhetoricas

280 3840 554 3914 grammaticusve
585 3840 827 3900 observationes
858 3838 914 3923 ὅλῳ
947 3850 985 3921 τῷ
1006 3839 1130 3924 θυλάκῳ
1154 3840 1283 3900 effundi.
1310 3841 1398 3916 Quod
1420 3841 1452 3900 in

281 3954 552 4027 etymologiarum
576 3953 818 4013 enumeratione
839 3955 891 4013 hic
911 3954 977 4013 illic
996 3955 1088 4027 signo
1111 3949 1117 4040 3
1140 3953 1329 4028 significavi.
1352 3953 1452 4012 Simul
1494 4017 1500 4028 ¹

280 4071 346 4130 illic
377 4087 459 4145 quae
491 4074 601 4132 essent
627 4073 879 4132 absurdissimae
911 4072 1074 4132 inclinatis
1102 4072 1205 4132 literis
1229 4072 1452 4132 describendas

281 4186 400 4245 curavi.
422 4185 528 4258 Atque
549 4186 753 4260 etymologiis
774 4187 880 4246 addidi
900 4187 1032 4245 insanas
1048 4187 1210 4259 quasdam
1223 4186 1451 4260 explicationes

280 4315 362 4380 quae
386 4299 522 4359 eandem
545 4300 667 4372 spirare
692 4299 832 4358 indolem
855 4300 1050 4358 viderentur.
1408 4304 1410 4310 ’
