3234 5254
839 607 901 666 190

332 794 371 852 27
396 809 464 867 sqq.
489 793 595 853 Verba
618 796 695 853 sunt
718 795 868 853 Lachetis
892 811 1026 855 uxorem
1052 797 1332 871 reprehendentis:

374 908 442 967 Rus
465 908 647 967 habitatum
672 908 744 983 abii,
770 909 947 968 concedens
970 910 1062 968 vobis
1087 912 1120 969 et
1142 911 1188 970 rei
1212 911 1367 986 serviens,

375 1021 509 1080 Sumtus
532 1023 659 1080 vestros
683 1022 849 1095 otiumque
872 1024 909 1080 ut
932 1025 1044 1082 nostra
1066 1039 1118 1083 res
1142 1025 1252 1098 posset
1275 1025 1352 1099 pati,

374 1136 443 1195 Meo
451 1135 552 1194 labori
561 1135 646 1194 haud
655 1151 789 1209 parcens
798 1138 925 1210 praeter
933 1152 1071 1209 aequom
1080 1139 1176 1210 atque
1185 1139 1327 1196 aetatem
1337 1153 1452 1197 meam.

374 1249 443 1308 Non
466 1251 498 1307 te
522 1264 578 1322 pro
602 1247 653 1306 his
677 1263 807 1307 curasse
831 1249 936 1324 rebus,
961 1264 1001 1309 ne
1025 1250 1100 1323 quid
1124 1265 1218 1324 aegre
1242 1255 1331 1310 esset
1354 1252 1454 1310 mihi?

285 1363 459 1422 Praeter
490 1365 680 1435 aequom]
717 1363 812 1435 ,quia
835 1378 893 1422 vos
917 1364 997 1422 estis
1021 1363 1175 1423 domini.'’
1200 1364 1306 1423 Irnmo
1331 1365 1452 1424 dorni:

288 1491 374 1549 ,vos
410 1475 572 1548 mulieres
609 1475 731 1534 otiosae
767 1475 853 1534 domi
888 1477 1059 1551 sedebatis,
1097 1477 1175 1536 dum
1213 1493 1271 1550 ego
1306 1479 1372 1536 ruri
1404 1493 1454 1536 me

286 1589 535 1663 defetigabam.'’

330 1703 381 1762 39.
407 1701 591 1775 Respondet
614 1702 731 1760 marito
756 1702 918 1762 Sostrata:

376 1815 435 1889 Qui
456 1816 530 1891 scie,
556 1830 597 1874 an
621 1830 658 1874 ea
682 1830 788 1890 causa,
814 1816 860 1872 mi
883 1816 941 1891 vir,
967 1831 1020 1875 1116
1044 1817 1150 1876 odisse
1174 1818 1418 1878 adsimulaverit

374 1930 419 1989 Ut
443 1945 517 1989 curn
540 1931 646 1988 matre
670 1945 733 1988 uno
756 1929 828 2003 plus
853 1930 964 1988 esset?

286 2045 337 2104 Ut
369 2059 457 2103 curn
487 2044 621 2102 matre
652 2058 731 2102 una
757 2043 851 2118 pius
876 2045 1010 2113 esset}
1039 2042 1211 2118 ,idioticae
1235 2045 1327 2119 dixit,
1354 2047 1385 2104 id
1409 2048 1455 2105 est

286 2159 340 2216 diu
374 2173 411 2218 ac
446 2159 603 2217 maiorem
637 2159 796 2231 partem.'’
833 2157 1000 2217 Sententia
1036 2158 1121 2217 haud
1153 2159 1246 2218 dubie
1278 2159 1359 2218 haec
1390 2161 1454 2218 est:

289 2271 420 2344 ,rustici
455 2273 506 2330 est
539 2272 640 2330 oratio
671 2272 764 2344 plus
795 2271 900 2330 dicere
931 2271 970 2330 ad
994 2275 1123 2346 tempus
1147 2273 1386 2331 indicandum.''
1411 2271 1452 2330 df.

287 2384 390 2444 Schoi.
411 2386 449 2443 de
469 2385 595 2458 impuro
615 2400 764 2443 sermone
784 2384 899 2443 militis
919 2385 952 2443 in
972 2385 1125 2443 Eunucho
1146 2385 1241 2444 huius
1261 2385 1334 2444 libri
1354 2402 1383 2459 p.
1406 2385 1453 2443 78.

287 2499 348 2558 Sed
372 2500 439 2558 diu
462 2514 507 2557 ac
531 2500 726 2572 corruptum.
752 2497 909 2558 Goniicio:
936 2499 1031 2558 diei.

331 2724 371 2798 H,
398 2724 425 2798 2,
453 2725 503 2782 20.
528 2723 633 2782 Verba
656 2724 806 2782 Lachetis
831 2723 870 2782 ad
894 2722 1104 2797 Phidippum:

374 2838 483 2910 Neque
507 2837 586 2895 adeo
610 2837 693 2895 clam
718 2852 771 2895 me
795 2839 853 2911 est,
880 2852 977 2909 quarn
1002 2851 1074 2894 esse
1098 2851 1173 2895 eum
1198 2839 1252 2904 (so.
1278 2834 1381 2895 filium

838 2954 970 3019 [meumi
995 2949 1138 3024 graviter
1161 2950 1304 3009 laturum
1331 2951 1455 3008 credam

375 3065 445 3123 Hoc
475 3065 503 3123 si
530 3064 683 3123 rescierit.
708 3063 752 3123 Eo
776 3064 909 3122 dornum
933 3063 1046 3122 studeo
1071 3064 1150 3122 haec
1173 3064 1261 3138 prius
1285 3079 1383 3137 quarn
1406 3063 1456 3122 ille

1225 3178 1272 3246 [ut
1295 3178 1414 3237 redeat.

288 3292 391 3350 Schoi.
418 3291 489 3366 ,hic
510 3291 671 3350 subtiliter
691 3291 790 3349 etiarn
810 3292 967 3349 terrorem
987 3289 1096 3348 iniecit
1115 3291 1298 3349 iracundiae
1318 3291 1455 3350 mariti.''

287 3406 348 3464 Pro
372 3405 621 3464 iracundiae
645 3405 817 3478 legendum
840 3406 917 3478 puto
942 3404 1148 3463 iracundi.

332 3631 388 3705 III,
417 3631 443 3704 1,
472 3631 522 3690 11.

419 3744 501 3803 Rern
534 3758 781 3817 cognosces:
798 3743 895 3829 'iram
925 3743 1085 3817 expedies,
1110 3757 1240 3802 rursum
1264 3743 1297 3801 in
1321 3743 1453 3817 gratiam

1241 3857 1412 3926 [restitues

288 3972 378 4031 Sch.:
406 3969 563 4049 ,spirutus
587 3971 759 4030 sententia.
783 3971 824 4029 Et
846 3970 928 4029 bono
949 3970 1059 4029 ordine
1081 3984 1158 4028 usus
1179 3971 1238 4029 est.
1259 3970 1353 4029 Prius
1372 3969 1453 4028 enim

287 4084 324 4144 fit
348 4086 486 4161 querela,
513 4086 626 4145 deinde
649 4085 778 4160 ponitur
801 4085 973 4159 iracundia,
999 4086 1163 4158 postremo
1187 4084 1308 4143 reditur
1332 4084 1364 4143 in
1388 4098 1452 4141 con-

288 4199 407 4258 silium.
443 4199 562 4270 Utique
596 4199 778 4272 recipienda
811 4197 1029 4258 Westerhovii
1064 4197 1247 4257 coniectura
1277 4198 1453 4271 gratiam

288 4329 344 4389 pro
380 4313 617 4374 consilium.
653 4314 714 4373 Pro
750 4313 922 4386 querela
957 4312 1130 4385 requiritur
1164 4313 1403 4371 substantivum
1436 4325 1452 4368 a

289 4428 519 4501 quaerendi
541 4428 639 4487 verbo
663 4429 854 4486 derivatum.
881 4427 1083 4499 Scriptumne
1107 4425 1244 4485 sortasse
1264 4425 1451 4498 1111111116-
