3230 5260
760 669 821 728 135

505 855 600 930 Hem,
626 870 726 929 egone
750 855 835 914 istuc
858 856 966 915 conari
989 856 1130 929 queam?

292 972 381 1046 Egon
403 971 532 1045 propter
555 985 608 1028 me
632 969 722 1028 illam
746 970 849 1042 decipi
871 969 1027 1029 miseram
1050 968 1181 1029 sinam?

292 1084 378 1159 Quae
401 1083 483 1143 mihi
507 1098 603 1142 suum
627 1083 783 1158 animum,
809 1085 906 1156 atque
925 1098 1057 1142 omnem
1076 1083 1181 1142 vitam
1200 1082 1349 1156 credidit;

291 1197 394 1272 Quam
417 1214 475 1272 ego
500 1197 608 1256 animo
632 1197 759 1270 egregie
783 1212 892 1256 caram
915 1214 972 1272 pro
994 1212 1096 1257 uxore
1119 1175 1304 1270 habuerim;

290 1313 376 1372 Bene
401 1314 433 1372 11
456 1311 569 1386 pudice
593 1312 662 1370 eius
686 1312 817 1371 doctum
841 1314 938 1385 atque
962 1313 1114 1371 eductum
1138 1313 1245 1371 sinam

291 1426 445 1487 Coactum
469 1426 614 1501 egestate
638 1425 804 1499 ingenium
827 1425 1055 1485 immutarier?

288 1540 359 1599 Non
381 1540 509 1600 faciam.

198 1652 262 1712 Hic
286 1655 319 1712 et
342 1653 406 1712 alia
429 1653 637 1712 inveniuntur
661 1654 817 1713 annotata
841 1654 874 1711 et
896 1652 992 1712 haec:

244 1769 352 1826 Bene
376 1769 417 1826 et
439 1768 607 1842 pudice]
637 1767 717 1842 „Hic
740 1766 818 1826 illud
842 1768 980 1826 solvitur
1003 1767 1100 1826 lana
1123 1770 1163 1826 et
1184 1769 1273 1828 tela
1294 1770 1371 1828 vic-

198 1883 285 1940 tum
316 1881 584 1954 quaeritans:
618 1882 654 1939 ut
677 1881 738 1940 hoc
760 1882 944 1955 praestruat
966 1882 1047 1940 bene
1071 1883 1103 1940 11
1126 1881 1239 1954 pudice
1263 1883 1372 1956 Clyce·
1450 1951 1452 1954 ,

197 1995 285 2054 rium
320 2010 391 2054 esse
427 1995 630 2054 educatam.”
663 1995 752 2054 Haec
782 2011 836 2054 me
859 1994 1038 2069 intelligere
1061 1994 1189 2068 opinor;
1215 1995 1262 2054 sic
1285 1996 1373 2055 enim

198 2108 336 2183 accipio:
365 2124 469 2182 „nunc
491 2109 650 2168 habemus
674 2108 924 2182 explicationem
948 2123 1005 2167 cur
1028 2107 1105 2167 olim
1129 2107 1251 2166 dictum
1271 2109 1315 2168 sit
1335 2109 1374 2170 de

198 2220 370 2296 Chryside:
402 2222 499 2282 lana
530 2223 570 2280 et
599 2222 688 2281 1111
718 2222 878 2281 victum
910 2221 1171 2306 quaeritans
1201 2221 1261 2281 His
1285 2223 1373 2282 enim

196 2335 305 2395 verbis
326 2336 442 2410 animi
476 2336 697 2410 spectatorum
731 2335 941 2409 praeparandi
977 2337 1069 2393 erant
1104 2333 1143 2394 ad
1179 2335 1373 2395 credendum

197 2449 311 2522 pudice
333 2448 517 2522 Glycerium
539 2463 610 2508 esse
631 2449 834 2509 educatam.”
857 2449 918 2508 Sed
938 2448 1052 2507 statim
1072 2447 1257 2506 subiicitur:
1280 2449 1374 2523 „lana

197 2564 230 2621 et
264 2564 330 2622 1111
364 2563 488 2622 victum
524 2563 742 2638 quaeritans‚”
776 2579 857 2636 quae
881 2563 980 2622 verba
1003 2563 1055 2622 hic
1078 2563 1201 2622 scribae
1225 2577 1372 2624 erroree

195 2677 462 2753 praecedentibus
487 2678 624 2751 repetita
648 2678 793 2736 arbitror.
820 2677 990 2737 Adduntur
1009 2677 1098 2751 haec,
1120 2692 1202 2750 qnae
1221 2677 1371 2750 mysterii

196 2793 300 2852 instar
329 2793 495 2852 videntur:
516 2774 590 2867 ¹„Et
620 2807 684 2852 non
714 2792 853 2866 pertinet
885 2792 924 2850 ad
948 2793 1187 2865 argumentum,
1213 2790 1275 2849 nisi
1299 2793 1373 2864 post

195 2907 301 2966 vitam
325 2905 463 2980 Glycerii
483 2906 677 2980 intelligas”
699 2907 760 2966 Sed
779 2907 844 2965 leni
865 2905 1090 2965 emendatione
1111 2905 1191 2963 haec
1202 2903 1371 2978 perspicua

195 3021 285 3082 reddi
311 3035 406 3094 posse
430 3021 550 3094 opinor.
575 3021 704 3079 Etenim
727 3022 801 3095 post
823 3020 909 3079 nisi
931 3019 1140 3078 inserendum
1164 3021 1215 3078 est
1238 3020 1292 3079 ut.
1319 3019 1372 3079 Sic

196 3133 284 3193 enim
312 3133 392 3192 haec
414 3135 558 3193 nascitur
582 3134 781 3194 observatio:
810 3136 898 3208 „tota
917 3133 973 3192 1111
993 3132 1259 3192 commemoratio
1283 3133 1371 3192 vitae

196 3263 216 3307 a
251 3244 406 3320 Chryside
441 3249 537 3306 antea
570 3248 667 3321 probe
699 3250 731 3306 11
762 3247 875 3321 pudice
906 3248 997 3306 actae
1022 3261 1096 3306 oum
1119 3246 1221 3304 totins
1244 3246 1371 3305 fabulae
1431 3274 1435 3284 ·

196 3361 388 3434 argumento
423 3360 580 3420 hactenus
614 3363 744 3421 tantum
780 3362 938 3436 cohaeret,
975 3361 1058 3433 qnod
1090 3375 1131 3418 ex
1162 3375 1200 3419 ea
1232 3359 1371 3434 Glycerii

198 3473 268 3532 vita
292 3474 342 3532 est
367 3474 597 3546 cognoscenda.
1175 3467 1179 3476 ’

241 3586 294 3645 42.
726 3587 839 3647 Adeon
861 3603 915 3647 me
939 3587 1095 3661 ignavum
1119 3589 1239 3660 putas?

308 3699 419 3760 Adeon
442 3715 535 3774 porro
560 3699 725 3774 ingratum
749 3702 806 3760 aut
829 3700 1046 3760 inhumanum
1071 3703 1127 3760 aut
1146 3701 1275 3760 ferum?

196 3813 246 3873 Ad
276 3814 475 3887 ignavum
507 3815 539 3872 11
563 3814 779 3887 ingratum
803 3816 998 3874 annotatur:
1019 3809 1143 3889 αὔξησις
1168 3816 1234 3872 est:
1259 3814 1371 3873 inhu-

197 3942 361 3987 manum
396 3929 467 3986 aut
497 3927 632 3986 ferum
662 3927 905 4002 postsubiecta
928 3927 1042 3986 dixit.”
1069 3926 1157 4001 Quod
1180 3927 1260 3986 nibil
1285 3926 1371 3985 aliud

197 4039 378 4114 significare
390 4040 518 4100 videtur
529 4056 644 4113 quam:
662 4041 761 4115 „haec
772 4041 871 4100 verba
890 4041 1164 4100 inhumanum
1185 4041 1217 4098 et
1236 4040 1252 4099 f
1258 4054 1370 4098 erum

197 4169 282 4213 nova
304 4154 381 4212 sunt
404 4153 585 4213 sententiae
608 4154 765 4230 membra,
790 4154 928 4228 augendi
952 4169 1050 4213 causa
1072 4153 1228 4212 adiecta.'’

241 4267 405 4326 Laudatur
427 4281 520 4341 porro
543 4283 563 4326 a
586 4267 767 4327 Scholiasta
790 4267 952 4341 Pamphili
975 4267 1086 4341 oratic,
1108 4266 1162 4338 qui
1182 4280 1246 4324 non
1266 4265 1368 4324 dicat:

200 4380 339 4453 „adeone
367 4380 462 4453 putas
485 4395 539 4438 me
562 4380 645 4453 patri
670 4380 841 4440 obedire?”
867 4381 923 4439 sed
950 4380 1090 4454 „adeone
1113 4394 1167 4437 me
1191 4394 1267 4452 erga
1290 4378 1368 4437 ami·

200 4507 271 4556 cam
303 4492 476 4570 ingratum,
508 4493 622 4571 ferum,
656 4493 871 4554 inhumanum
902 4494 1005 4552 credis
1013 4494 1059 4568 ?’'‚
1093 4494 1189 4569 atque
1217 4492 1264 4551 sic
1287 4493 1370 4569 quod
