3254 5274
616 625 782 706 'ea

220 832 284 891 583
309 847 377 907 sqq.
401 832 486 892 Dum
510 834 683 907 apparatur
706 831 877 902 (balneum)
902 831 993 905 virgo
1017 831 1050 891 in
1074 830 1218 891 conclavi
1241 831 1333 890 sedet

265 947 461 1021 Suspectans
490 947 636 1007 tabulam
667 948 829 1021 quandam
859 946 998 1021 pictam;
1027 946 1071 1006 ibi
1094 946 1199 1006 inerat
1221 946 1346 1021 pictura

1065 1061 1165 1136 [haec
1190 1060 1302 1120 Iovem

264 1173 330 1249 Quo
361 1177 455 1249 pacto
485 1175 615 1236 Danaae
645 1174 777 1235 misisse
807 1174 899 1234 aiunt
929 1175 1090 1248 quondam
1121 1173 1155 1233 in
1185 1174 1346 1248 gremium

984 1286 1135 1358 [imbrem
1158 1302 1302 1347 aureum.

176 1400 309 1475 Egregie
339 1401 391 1462 hic
421 1402 515 1462 docet
546 1401 727 1461 Scholiasta
757 1401 881 1460 nullam
912 1400 1058 1461 tabulam
1089 1399 1210 1474 pictam
1237 1400 1347 1460 domui

176 1515 378 1575 meretriciae
405 1515 563 1590 aptiorem
594 1530 666 1574 esse
697 1530 796 1588 quarn
825 1515 918 1590 hanc,
951 1514 1066 1589 quippe
1098 1513 1132 1573 in
1163 1529 1226 1587 qua
1256 1529 1347 1574 amor

177 1629 321 1703 depictus
344 1629 475 1690 sitnon
498 1630 659 1704 gratuitus
682 1629 738 1688 sed
762 1643 839 1688 auro
863 1628 997 1688 venalis,

223 1743 311 1817 „Hac
346 1743 487 1816 imagine
522 1742 728 1802 admonitus'’
765 1740 907 1801 Chaerea
941 1740 987 1801 ait
1024 1741 1104 1816 „hoc
1134 1740 1346 1814 reputabam”

178 1860 235 1924 (vs.
261 1857 324 1915 588
348 1860 425 1929 sqq:

243 1968 346 2028 Deum
366 1983 438 2028 sese
458 1968 491 2028 in
511 1967 677 2027 hominem
697 1968 896 2028 convertisse
916 1969 1012 2042 atque
1033 1967 1066 2026 in
1085 1967 1207 2027 alienas
1223 1966 1350 2040 tegulas

242 2083 378 2143 Venisse
402 2083 583 2142 clanculum
608 2083 833 2157 perplurium
857 2082 968 2142 fucum
991 2083 1114 2142 factum
1138 2082 1277 2140 mulieri.

177 2198 358 2271 Bentlejns:

265 2312 368 2372 Deum
388 2327 460 2372 sese
480 2312 513 2370 in
532 2311 673 2385 pretium
693 2311 892 2370 convertisse
913 2313 946 2370 et
965 2327 1021 2386 per
1040 2311 1163 2371 alienas
1183 2311 1310 2384 tegulas

265 2425 401 2486 Venisse
425 2442 451 2486 e.
466 2442 495 2500 q.
509 2441 534 2485 a.

179 2539 238 2598 Sed
269 2540 319 2598 ve]
352 2540 399 2600 sic
430 2539 600 2613 displicent
629 2554 754 2598 versus,
787 2539 890 2614 Quam
919 2540 1006 2600 enim
1029 2556 1115 2599 nunc
1138 2540 1177 2600 ab
1202 2540 1350 2614 exemplo

178 2652 264 2712 Iovis
298 2653 542 2712 excusationem
573 2652 655 2727 petit
686 2651 851 2712 Chaerea?
882 2653 1003 2713 Versus
1034 2653 1081 2713 sic
1111 2651 1213 2713 reficti
1244 2654 1350 2727 magis

179 2766 292 2825 docent
315 2781 396 2840 quae
420 2767 471 2825 vis
494 2766 564 2826 auri
587 2766 631 2824 sit
658 2781 756 2838 quam
776 2769 934 2839 quantum
954 2768 1079 2826 amanti
1099 2767 1203 2827 liceat.
1226 2767 1348 2826 schot:

181 2880 318 2954 „Utrum
349 2879 424 2953 quia
453 2879 576 2954 Iupiter
606 2880 749 2939 humana
778 2879 884 2940 forma
911 2896 1026 2940 aurum
1050 2881 1222 2939 infundens
1245 2880 1350 2953 pictus

179 2995 247 3052 erat
266 2992 300 3052 in
319 2993 448 3068 tabulis,
469 3008 534 3052 non
553 3007 609 3066 pro
630 2992 705 3051 Iove
725 3007 841 3051 aurum
849 2992 886 3051 ?'’
907 2992 947 3051 Et
959 2993 1006 3052 sic
1018 2993 1084 3052 fere
1098 2993 1349 3067 Oudendorpius.

179 3106 238 3164 Sed
270 3106 409 3166 fortasse
439 3121 504 3165 non
534 3105 633 3164 nimis
663 3105 715 3165 hio
746 3108 823 3164 sunt
852 3106 996 3180 urgenda
1022 3106 1187 3180 vocabula,
1213 3107 1349 3178 quando·

179 3219 307 3292 quidem
338 3219 372 3279 in
403 3219 458 3279 iilo
489 3219 656 3278 alienas
686 3219 798 3279 insunt
828 3219 955 3279 omnia:
990 3219 1131 3296 „Iupiter
1154 3219 1187 3277 in
1211 3219 1351 3278 alienam

178 3332 310 3392 domum
342 3333 488 3408 irrepsit;
521 3333 596 3407 quid
627 3332 660 3391 ni
692 3335 725 3392 et
748 3348 806 3408 ego
829 3333 911 3392 mihi
934 3333 968 3391 in
991 3333 1085 3392 domo
1109 3331 1214 3392 aliena
1233 3332 1352 3406 largiar

178 3445 297 3518 aliquid
305 3447 342 3504 ?”
375 3445 488 3505 Cetera
519 3446 692 3506 abundant.
726 3445 929 3521 Quamquam
952 3447 992 3505 ad
1016 3446 1119 3506 istud:
1146 3462 1230 3521 „non
1253 3447 1351 3505 nimis

179 3559 321 3631 urgenda
344 3559 474 3618 omnia’'
499 3559 532 3617 in
556 3558 705 3618 Terentio
728 3559 852 3618 invitus
876 3559 1033 3633 confugio.

223 3687 271 3730 vs.
294 3673 368 3731 591.
388 3672 454 3746 Ego
471 3672 643 3732 homuncio
656 3673 716 3731 hoc
729 3687 793 3732 non
804 3673 970 3732 facerem?
982 3688 1041 3746 ego
1054 3671 1133 3732 illud
1144 3688 1221 3732 vero
1233 3673 1279 3740 ita
1291 3672 1351 3731 ieci

1111 3791 1160 3858 [ao
1183 3787 1305 3846 lubens

223 3901 345 3960 Bentl.:
392 3901 458 3975 Ego
493 3901 665 3962 homuncio
697 3903 758 3962 hoc
788 3917 852 3961 non
882 3902 1039 3962 fecerim?
1071 3918 1128 3977 ego
1163 3918 1239 3961 vero
1273 3902 1351 3961 illud

954 4016 1098 4087 [fecerim
1122 4031 1159 4075 ac
1182 4016 1305 4075 lubens.

182 4125 268 4202 Quod
291 4128 405 4202 probat
426 4129 648 4205 RuhnkeniuS,
673 4129 734 4189 hoc
757 4132 986 4204 argumentum
1007 4130 1162 4190 afferens:
1186 4129 1351 4205 „futurum

181 4244 308 4317 tempus
328 4243 509 4317 requiritur,
531 4258 595 4302 non
613 4242 858 4316 praeteritum.’'
880 4243 968 4318 Quod
987 4243 1080 4302 nihili
1100 4243 1158 4315 est,
1180 4258 1210 4300 v.
1224 4258 1272 4301 va.
1286 4243 1350 4302 606

182 4358 213 4415 et
236 4356 298 4417 Cic.
323 4372 380 4431 pro
397 4357 527 4416 ¹(iluent.
549 4359 567 4426 ἓ
587 4356 639 4414 45.
660 4356 700 4414 Et
720 4356 819 4414 etiam
839 4371 954 4414 versus
974 4355 1136 4415 emendati
1156 4355 1258 4414 altera
1276 4371 1351 4430 pars

182 4469 287 4544 inepte
310 4471 451 4543 languet.
