3230 5260
864 659 905 720 84

300 851 368 925 ipse
403 849 486 921 quod
517 848 571 907 det
600 848 717 923 lenoni,
750 847 841 907 cuius
865 862 904 906 ea
927 849 985 923 est,
1011 861 1075 906 non
1098 846 1212 919 habet;
1238 847 1335 920 atque
1357 846 1411 906 ille
1433 861 1465 905 se

299 963 506 1050 venditurum
542 976 615 1020 eam
650 963 745 1034 atque
776 929 810 1019 in
840 960 954 1020 Asiam
985 960 1163 1020 missurum
1195 960 1375 1018 minitatur.
1399 959 1467 1019 Non

300 1077 397 1136 audet
416 1076 516 1133 miser
536 1074 794 1134 adolescentulus
813 1088 884 1133 rem
907 1073 999 1133 fratri
1018 1073 1246 1132 amantissimo
1267 1073 1467 1132 committere

298 1190 351 1249 vel
373 1190 458 1264 patri
481 1189 640 1264 adoptivo,
666 1189 920 1248 clementissimo
944 1189 1023 1264 seui,
1048 1187 1151 1263 fateri,
1173 1203 1277 1261 neque
1296 1187 1468 1260 quidquam

300 1318 469 1377 superesse
501 1302 588 1362 videt
618 1317 717 1375 quam
746 1304 783 1362 ut
812 1302 953 1376 patriam
980 1301 1108 1361 deserat
1130 1300 1285 1374 illamque
1307 1302 1467 1374 sequatur.

300 1416 517 1490 Reprehendit
540 1432 615 1476 eum
638 1416 722 1476 hanc
745 1415 784 1476 ob
805 1431 938 1476 causam
957 1416 1066 1492 frater,
1086 1415 1220 1476 tandem
1240 1414 1279 1474 de
1299 1415 1368 1473 eius
1387 1415 1467 1474 solli-

302 1531 442 1590 citudine
466 1531 582 1590 certior
604 1529 720 1608 factus,
745 1530 797 1589 his
820 1529 945 1589 verbis:

456 1644 508 1705 Ah
531 1644 704 1704 stultitiast
727 1646 837 1720 istaec,
862 1659 927 1703 non
949 1644 1067 1719 pudor:
1092 1644 1162 1703 tarn
1187 1643 1226 1703 ob
1249 1643 1416 1718 parvolam

345 1758 428 1817 Rem
450 1773 552 1831 paene
575 1773 593 1817 e
615 1760 735 1833 patria!

301 1871 446 1932 Annotat
487 1871 683 1932 Scholiasta:
722 1873 914 1948 „Menander
948 1871 1031 1932 mori
1065 1871 1159 1930 illum
1194 1871 1336 1931 voluisse
1369 1868 1466 1945 fingit,

302 1986 471 2046 Terentius
505 1987 648 2061 fugere.''
682 1988 753 2047 Non
788 1990 847 2064 est,
883 1990 920 2047 ut
951 1987 1071 2062 opinor,
1104 2001 1183 2060 opus
1207 1986 1321 2046 multis
1344 1986 1467 2044 demon-

301 2102 405 2160 strare
427 2100 535 2160 verbis
558 2102 678 2175 quanto
702 2102 821 2161 rectius
845 2101 1014 2160 Terentius
1037 2116 1135 2174 quam
1159 2100 1332 2160 Menander
1351 2098 1466 2158 fecerit.

301 2194 431 2272 Leniter
461 2215 563 2274 ridere
593 2231 768 2290 possumus
792 2216 1030 2275 adolescentem
1054 2230 1304 2288 usquequaque
1328 2215 1467 2273 amatam

298 2326 440 2399 puellam
470 2330 675 2402 secuturum;
709 2329 766 2388 sed
797 2330 851 2402 qui
881 2331 1023 2418 mortem
1053 2328 1115 2388 sibi
1144 2327 1343 2387 consciscere
1367 2326 1465 2385 decre·

300 2439 393 2514 verit,
429 2439 531 2499 immo
561 2456 663 2514 paene
694 2442 760 2500 iam
792 2442 993 2517 consciverit,
1026 2441 1176 2514 quamvis
1207 2440 1315 2499 levem
1339 2439 1377 2499 ob
1401 2454 1467 2499 cau·

300 2567 382 2628 sam,
408 2552 494 2612 illius
517 2555 648 2614 tristem
671 2555 827 2614 deflemus
851 2557 983 2614 sortem.

346 2665 448 2741 Quam
472 2669 599 2741 egregie
623 2668 803 2728 Scholiasta
826 2668 1006 2728 observarit
1028 2683 1132 2741 neque
1155 2666 1295 2727 militem
1315 2667 1349 2726 in
1369 2667 1467 2726 Eunu·

301 2777 360 2837 cho
380 2794 483 2852 neque
503 2781 537 2839 in
552 2781 707 2854 Adelphis
726 2780 883 2842 Demeam
903 2783 1073 2856 tamquam
1092 2781 1186 2854 plane
1206 2780 1325 2840 stultos
1345 2779 1468 2854 depingi

301 2893 367 2952 iam
387 2894 529 2954 vidimus
549 2899 589 2969 (p.
611 2897 673 2971 35),
696 2896 857 2969 simulque
877 2896 1058 2955 Scholiasta
1077 2895 1234 2968 magistro
1250 2894 1469 2954 intelleximus

302 3021 357 3065 cur
379 3007 426 3067 illi
448 3009 646 3085 prudentiae,
672 3009 747 3068 huic
770 3009 929 3069 acuminis
953 3008 1189 3082 aliquantulum
1213 3007 1337 3068 dederit
1360 3006 1469 3066 Teren·

301 3119 376 3179 tius.
412 3121 503 3180 idern
527 3124 578 3181 est
601 3123 820 3182 annotationis
844 3123 884 3183 ad
906 3122 966 3183 Ad.
992 3123 1054 3182 541
1081 3121 1263 3180 consilium.
1285 3120 1377 3182 Ficta
1400 3117 1469 3192 Syri

301 3234 388 3292 servi
410 3236 594 3295 narratione
617 3238 727 3296 motus
749 3236 873 3296 Demea
895 3251 996 3296 senex
1020 3234 1059 3294 ad
1084 3235 1197 3295 villam
1220 3249 1315 3294 suam
1335 3235 1385 3293 est
1403 3247 1468 3306 pro-

301 3345 415 3423 fectus,
441 3348 506 3408 illic
529 3346 632 3408 filium
656 3365 753 3409 sunm
777 3365 849 3409 esse
870 3349 1011 3424 credone,
1033 3348 1131 3409 simul
1151 3349 1184 3408 in
1204 3348 1320 3407 itinere
1339 3347 1470 3406 tratrem

302 3461 517 3532 quaesiturus.
541 3464 586 3522 At
609 3478 687 3522 mox
710 3462 794 3522 redit
817 3463 1022 3522 exclamans:

390 3574 438 3633 Ne
469 3590 527 3649 ego
557 3576 655 3647 homo
682 3575 811 3635 infelix:
835 3575 978 3650 primum
1001 3573 1136 3634 fratrem
1159 3587 1321 3648 nusquam
1344 3570 1470 3632 invenio

1253 3687 1426 3762 [gentiumz

392 3802 563 3862 Praeterea
585 3803 705 3879 autem,
727 3803 805 3862 dum
824 3803 918 3863 illum
937 3816 1065 3877 quaero,
1086 3816 1106 3860 a
1125 3800 1203 3861 villa
1214 3798 1470 3860 mercennarium

391 3915 481 3974 Vidi:
506 3915 534 3974 is
557 3914 661 3975 filium
684 3917 782 3990 negat
804 3931 876 3976 esse
895 3915 981 3974 ruri:
1006 3930 1065 3974 nec
1089 3913 1164 3986 quid
1187 3929 1283 3987 agam
1307 3913 1383 3973 scio.

346 4029 528 4103 Adscripsit
551 4031 661 4088 autern
686 4029 866 4089 Scholiasta
889 4029 984 4088 haec:
1008 4027 1273 4103 ,Sapientissime
1294 4025 1469 4097 Terentius

302 4143 364 4201 emi
398 4143 548 4217 proxima
581 4143 659 4202 villa
694 4145 753 4220 est,
790 4143 971 4203 necessario
1002 4156 1115 4200 senem
1146 4141 1186 4200 ad
1217 4141 1357 4216 reliquos
1381 4143 1470 4199 actus

302 4255 429 4315 fabulae
453 4255 558 4315 noluit
580 4256 619 4315 ab
643 4256 721 4316 urbe
741 4257 912 4332 discedere,
934 4269 1089 4329 personae
1110 4254 1221 4313 senilis
1240 4269 1376 4314 memor.
1389 4255 1470 4314 Nam

302 4370 335 4426 et
370 4369 507 4428 arduum
537 4369 651 4445 fuerat,
684 4370 762 4428 dum
792 4370 883 4446 redit,
909 4371 942 4429 et
965 4368 1144 4444 cruciabile,
1170 4383 1210 4426 ne
1232 4367 1380 4442 fatigatio
1404 4368 1471 4426 eius

302 4483 335 4540 in
355 4483 555 4556 tragoediam
575 4483 737 4543 transiret.
758 4483 858 4543 Recte
878 4483 975 4558 igitur
994 4481 1119 4540 invenit
1139 4481 1369 4541 amercenario
1381 4481 1470 4541 illiin
