3234 5254
795 639 857 697 217

283 827 372 886 Haec
396 829 505 885 autem
530 827 647 901 omnia,
674 842 755 899 quae
779 841 882 898 neque
905 839 1007 899 pauca
1030 826 1106 882 sunt
1130 825 1163 882 et
1185 823 1278 881 facile
1302 822 1412 894 augeri

239 945 383 1016 possunt,
423 941 532 1000 omnia
562 957 670 999 mores
701 954 912 1014 personarum
944 937 1135 997 aTerentio
1160 911 1411 1010 depictosspec·

238 1057 311 1113 tant
334 1055 576 1126 orationemque
600 1069 663 1126 qua
687 1054 760 1112 illae
784 1054 927 1112 utantur.
951 1051 997 1110 De
1018 1050 1205 1109 oeconomia
1225 1065 1243 1107 a
1263 1049 1413 1108 Terentio

239 1167 415 1226 immutata
437 1167 596 1226 nihildum
620 1157 742 1225 dictum
767 1167 826 1224 est.
851 1165 923 1223 Huc
947 1180 1021 1237 ergo
1044 1163 1288 1222 transeundum.

283 1282 443 1355 Aequales
478 1281 601 1339 inimici
635 1281 772 1340 obiicere
807 1279 953 1339 solebant
986 1278 1136 1336 Terentio
1171 1277 1254 1350 quod
1288 1276 1414 1335 fabulas

240 1395 484 1453 contaminaret.
508 1394 607 1452 Nobis
630 1409 694 1452 non
717 1394 835 1453 vitium
859 1393 961 1450 videri
985 1391 1063 1450 illud
1086 1392 1194 1464 potest
1218 1390 1274 1448 sed
1297 1389 1412 1448 virtus,

240 1509 312 1581 lpse
347 1522 471 1580 quoque
505 1523 575 1566 rem
610 1522 674 1566 non
708 1509 815 1581 negat.
847 1505 976 1565 Etenim
1007 1505 1041 1562 in
1071 1504 1201 1578 prologo
1232 1503 1272 1562 ad
1296 1503 1412 1562 Heaut.
1477 1573 1481 1577 ¹

241 1621 308 1692 ipse
332 1620 490 1679 declarat:
555 1615 556 1618 ’

283 1749 332 1791 vs,
357 1734 387 1806 4.
477 1733 526 1791 Ex
550 1733 676 1805 integra
700 1733 821 1792 Graeca
844 1733 1005 1805 integram
1030 1730 1231 1790 comoediam

481 1846 584 1904 Hodie
607 1862 681 1904 sum
706 1850 837 1905 acturus
860 1844 1261 1905 Heautontimorumenon.

241 1959 396 2032 Agnoscit
427 1974 501 2032 ergo
534 1974 569 2017 se
600 1975 664 2018 non
695 1961 741 2018 ita
772 1960 877 2032 egisse
908 1959 941 2016 in
973 1957 1096 2016 duabus
1119 1955 1287 2029 prioribus,
1312 1970 1415 2026 neque

241 2072 302 2129 sibi
337 2073 383 2130 ita
406 2050 533 2145 agendi
569 2073 601 2130 in
633 2074 800 2146 posterum
830 2073 936 2145 legem
967 2073 1120 2130 statuere.
1154 2070 1215 2127 Sed
1245 2068 1415 2126 videamus

241 2201 322 2258 quae
364 2187 456 2246 nobis
498 2188 563 2245 sint
604 2187 889 2246 contaminationis
924 2186 1007 2260 apud
1042 2184 1229 2243 Terentium
1266 2182 1416 2256 exempla

241 2300 361 2358 tradita
388 2300 509 2370 (omnia
533 2301 585 2359 hio
607 2301 732 2360 Donato
756 2301 931 2375 debemus),
956 2299 1026 2357 sive
1049 2299 1156 2372 potius
1181 2302 1268 2368 (nam
1292 2297 1353 2355 hoc
1376 2296 1414 2355 ab

242 2413 295 2471 illo
327 2413 435 2472 divelli
466 2429 530 2472 non
561 2415 678 2487 potest)
707 2415 823 2486 quibus
846 2414 942 2472 rebus
966 2414 999 2471 in
1022 2412 1205 2471 fabularum
1228 2409 1416 2470 oeconomia

242 2526 280 2584 ab
305 2526 489 2585 auctoribus
512 2527 581 2585 suis
603 2528 783 2586 recesserit.
1309 2602 1310 2613 χ

285 2638 453 2698 Andria.
475 2639 623 2698 Primum
643 2641 725 2699 ratio
746 2642 797 2698 esi
816 2640 963 2698 habenda
982 2654 1094 2697 eorum
1115 2653 1196 2710 quae
1216 2637 1284 2711 ipse
1305 2638 1415 2694 narrat

241 2754 274 2811 in
307 2754 436 2827 prologo
469 2769 516 2812 vs.
549 2756 622 2812 9-
640 2755 690 2814 14.
708 2749 726 2822 ¹)
759 2755 820 2812 Sed
852 2754 989 2812 certiora
1018 2752 1118 2811 tradit
1148 2751 1303 2810 Donatus.
1329 2750 1415 2824 Quae

241 2866 274 2925 in
308 2867 413 2939 prima
447 2867 556 2926 fabula
590 2868 674 2941 apud
709 2869 920 2926 Menandrum
955 2867 989 2924 in
1023 2865 1145 2925 Andria
1180 2865 1268 2923 solus
1303 2879 1415 2922 secum

240 2978 382 3052 loquitur
413 2980 501 3038 Simo
533 2995 634 3039 senex
666 2983 709 3049 (et
739 2981 910 3053 tamquam
941 2978 1100 3038 memoria
1130 2977 1252 3053 recolit,
1268 2971 1289 3046 ²)
1321 2992 1360 3035 ea
1383 2978 1417 3035 in

242 3092 386 3151 eiusdem
429 3093 573 3152 Perinthi
636 3109 737 3153 senex
771 3094 865 3152 uxori
900 3108 979 3152 suae
1012 3094 1132 3151 narrat.
1168 3093 1213 3151 At
1247 3091 1416 3150 Terentius

242 3207 354 3265 eadem
386 3208 573 3283 narrantem
603 3208 769 3267 Simonem
792 3209 871 3266 facit
894 3207 1004 3266 Sosiae
1028 3207 1142 3266 liberto
1166 3222 1225 3265 suo
1249 3208 1282 3265 et
1305 3220 1414 3277 coquo.

241 3320 387 3379 Proiecto
418 3335 495 3378 vere
519 3320 581 3380 dici
604 3321 664 3380 hoc
687 3323 811 3394 potest:
835 3321 1011 3380 transferre
1036 3322 1068 3379 et
1091 3336 1148 3393 pro
1173 3320 1241 3379 suis
1264 3321 1322 3378 uti.
1347 3318 1417 3377 Hoc

241 3433 329 3491 enim
364 3433 431 3491 iam
466 3449 522 3506 pro
555 3437 641 3493 certo
669 3436 813 3492 statuere
836 3434 921 3509 licet,
947 3449 1086 3507 coquum
1109 3433 1201 3491 illurn
1225 3449 1244 3492 a
1268 3432 1416 3492 Terentio

241 3546 420 3621 inventum,
445 3543 568 3622 fictum,
594 3547 829 3621 depictumque.

286 3659 323 3716 In
348 3661 460 3718 eadem
484 3661 593 3720 fabula
617 3660 775 3721 Charinus
799 3663 832 3719 ei
855 3661 970 3734 Byrria
993 3661 1185 3720 aTerentio
1209 3662 1285 3718 sunt
1305 3659 1415 3718 additi.

220 3771 346 3831 ·Verba
388 3774 588 3833 Scholiastae
629 3777 722 3834 sunt:
770 3775 857 3848 „Has
899 3789 1054 3847 personas
1092 3774 1261 3833 Terentius
1296 3773 1418 3832 addidit

239 4025 243 4035 ¹
268 4014 284 4067 ¹)
541 4013 676 4057 Menander
689 4013 749 4058 fecit
763 4013 886 4058 Andriam
901 4015 927 4058 et
942 4013 1111 4058 Perinthiam:

545 4090 590 4147 Qui
605 4091 731 4135 utramvis
745 4092 812 4134 recte
826 4091 893 4134 norit
908 4091 998 4134 ambas
1011 4091 1122 4135 noverit:

547 4170 601 4213 Non
616 4169 654 4214 ita
669 4170 729 4212 sunt
742 4168 862 4212 dissimili
876 4170 1032 4224 argumento,
1048 4169 1092 4213 sed
1105 4171 1191 4213 tamen

546 4247 671 4291 Dissimili
686 4246 798 4290 oratione
814 4247 874 4291 sunt
888 4245 969 4290 iactae
986 4257 1014 4290 ac
1028 4246 1095 4290 stilo.

546 4323 612 4380 Quae
627 4333 763 4367 convenere
777 4323 803 4367 in
817 4323 941 4367 Andriam
955 4335 986 4367 ex
1000 4323 1132 4368 Perinthia

544 4402 648 4446 Fatetur
662 4400 824 4446 transtulisse
838 4404 914 4454 atque
929 4412 1005 4446 usum
1018 4411 1063 4456 pro
1078 4401 1138 4445 suis.

268 4484 286 4534 ἢ)
299 4481 332 4526 of.
344 4481 448 4525 initium
459 4481 637 4537 Adelphorum,
648 4481 691 4525 ubi
704 4481 734 4524 de
745 4479 858 4532 nequitia
871 4480 917 4524 filii
929 4480 1042 4534 adoptivi
1050 4479 1122 4523 Micio
1130 4480 1199 4524 eolus
1207 4490 1291 4523 secum
1299 4479 1418 4531 loquitur.
