3230 5260
745 691 786 749 75

174 877 361 953 percipit
381 877 459 938 illud
478 878 567 938 senis
586 878 690 937 otium
710 880 743 937 et
761 877 991 951 loquacitatem
1011 876 1192 953 significare
1211 879 1300 939 videt
1341 925 1348 939 .

174 992 297 1052 Eodem
327 993 453 1066 spectat
483 992 650 1052 annotatio
681 992 721 1051 ad
744 992 844 1052 verba
865 991 936 1052 ubi
966 992 1168 1052 satias-
1193 993 1348 1053 locum:

178 1105 392 1178 ,suffecerant
423 1105 463 1165 ad
494 1106 577 1164 hanc
607 1105 805 1165 sententiam
836 1106 898 1166 duo
929 1106 1110 1180 superiores
1140 1121 1264 1181 versus
1293 1107 1350 1165 sed

174 1215 304 1298 ἐνέργεια
328 1221 379 1279 111
402 1219 514 1280 senilis
538 1219 655 1292 eloquii
679 1219 775 1279 faceti
799 1221 832 1279 et
855 1219 975 1293 garruli
998 1219 1130 1279 simul.”

219 1332 383 1408 Conspicit
406 1333 641 1392 Parmenonem
665 1348 775 1392 senex-
790 1335 823 1392 et
846 1333 893 1392 sic
916 1333 1089 1407 alloquitur
1113 1338 1170 1404 (vs.
1196 1336 1288 1405 tlibi:

331 1447 433 1524 Quem
456 1446 663 1522 praestolare,
689 1447 857 1520 Parmeno,
882 1446 935 1506 hic
958 1449 1033 1506 ante
1056 1448 1202 1507 ostium?

174 1561 231 1620 lile
256 1576 333 1620 vero

264 1672 341 1750 Quis
365 1673 519 1734 homost?
543 1674 647 1750 ehem,
672 1673 800 1733 salvom
823 1676 855 1733 te
879 1674 1040 1749 advenire,
1065 1689 1128 1750 ere,
1153 1676 1285 1749 gaudeo.

173 1787 289 1848 Varias
324 1803 439 1848 causas
470 1789 618 1863 proponit
648 1787 830 1847 Scholiasta
860 1801 917 1846 cur
947 1787 1034 1846 istud
1065 1787 1160 1860 quis
1183 1788 1351 1849 homost

173 1901 268 1976 dicat,
302 1916 377 1960 cum
408 1917 521 1961 senem
548 1903 779 1962 adventantem
803 1901 1008 1975 conspexerit
1030 1901 1190 1975 probeque
1213 1902 1349 1962 noverit.

172 2014 293 2074 Veram
314 2030 386 2074 esse
406 2015 534 2089 opinor:
555 2015 638 2089 quod
658 2017 768 2074 moras
787 2014 922 2089 quaerit,
943 2014 1005 2089 vel,
1027 2015 1111 2088 quod
1124 2015 1237 2074 eodem
1249 2015 1348 2074 redit:

175 2129 271 2203 ,quia
290 2130 374 2203 quod
386 2129 520 2203 parabat
533 2130 637 2189 dicere
650 2130 688 2188 de
702 2128 853 2204 Chaerea,
868 2131 1040 2203 postquam
1053 2129 1201 2188 cominus
1213 2131 1349 2190 ventum

173 2245 233 2318 est,
258 2259 322 2303 non
346 2244 442 2303 audet
466 2244 591 2303 dicere”
616 2259 697 2317 quae
722 2245 798 2303 sunt
822 2243 1021 2303 scholiastae
1044 2242 1151 2302 verba.

217 2360 288 2419 Non
304 2361 462 2421 resalutat
474 2375 576 2420 senex
588 2361 644 2420 sed
657 2361 776 2420 iterum
788 2362 897 2433 rogat:
912 2358 1036 2434 Quem
1056 2361 1350 2432 praestolare?

164 2457 326 2533 'Eiusdem
356 2473 446 2534 verbi
476 2474 626 2548 repetitio
656 2474 802 2533 metuere
833 2473 1016 2547 incipientis
1040 2476 1099 2533 est.
1124 2474 1187 2534 Ubi
1210 2490 1286 2535 vero
1310 2491 1350 2534 ne

172 2603 258 2646 nunc
288 2587 419 2661 quidem
451 2589 626 2662 quidquam
650 2588 822 2662 respondet
845 2588 1014 2664 Parmeno,
1041 2604 1142 2648 senex
1165 2588 1259 2663 plane
1283 2588 1349 2647 iam

172 2701 379 2774 perturbatus
400 2703 581 2776 anxiusque
600 2718 704 2776 neque
724 2702 874 2762 dubitans
895 2703 971 2775 quin
991 2717 1026 2762 se
1047 2702 1180 2762 absente
1192 2717 1349 2776 magnum

174 2815 301 2888 aliquod
324 2815 449 2875 malum
474 2817 635 2891 acciderit,
660 2817 761 2876 Hem
785 2817 959 2876 exclamat.

217 2930 361 2990 Tandem
385 2929 432 2988 sic
455 2944 587 2989 narrare
611 2930 770 2989 Parmeno
795 2929 907 3004 incipit
930 2945 979 2989 vs
1005 2930 1068 2989 982
1093 2945 1159 3003 sq:

718 3043 806 3103 Emit
830 3044 991 3117 quendam
1014 3044 1172 3103 Phaedria

350 3157 551 3232 Eunuchum,
577 3173 674 3231 quem
698 3158 780 3217 dono
804 3157 879 3216 huic
902 3158 993 3217 daret

176 3271 225 3348 ,ab
246 3273 452 3346 quendam
474 3268 687 3350 ἐξουθενισμόν
707 3270 869 3347 significat
888 3275 921 3332 et
941 3269 1086 3332 εὐτέλειαν
1106 3268 1235 3350 ἀνδρός”
1254 3272 1348 3332 Scho-

171 3388 270 3447 liasta
292 3389 380 3446 recte
403 3386 563 3446 observat.
733 3368 736 3373 ¹

219 3500 300 3575 ,Pro
323 3501 476 3560 Eunucho
501 3500 644 3561 Ohaerea
667 3501 707 3560 ad
730 3501 886 3560 Thaidem
911 3503 961 3560 est
985 3501 1140 3560 deductus
1163 3501 1270 3575 ibique
1293 3517 1349 3575 pro

172 3615 308 3674 moecho
343 3617 576 3689 comprensus”
613 3617 660 3677 ita
693 3617 761 3676 fere
795 3631 926 3675 narrare
961 3617 1073 3690 pergit.
1109 3617 1208 3675 Recte
1240 3619 1350 3676 autem

174 3727 355 3788 Scholiasta
390 3729 429 3787 ad
460 3744 527 3788 vss.
560 3730 622 3788 991
656 3745 714 3805 sq,
748 3730 803 3789 ubi
827 3730 882 3789 illa
905 3744 976 3804 pro
999 3729 1198 3789 Eunucho
1223 3732 1256 3789 et
1278 3745 1349 3804 pro

174 3841 344 3901 moecho
368 3841 528 3917 leguntur,
554 3844 705 3902 annotat:
722 3843 828 3918 ,Bene
847 3844 1021 3918 utrumque
1041 3860 1129 3920 pro,
1151 3844 1226 3916 quia
1245 3858 1349 3916 neque

173 3954 339 4014 eunuchus
374 3957 425 4014 est
461 3956 515 4028 qui
548 3956 679 4015 vitiavit
709 3955 879 4031 virginem,
912 3972 1015 4030 neque
1045 3957 1201 4016 moechus
1232 3956 1286 4029 qui
1316 3957 1350 4014 in

172 4068 267 4127 domo
299 4068 491 4129 meretricia.
517 4069 556 4128 Et
580 4071 691 4143 specta
714 4085 812 4143 quam
837 4070 975 4130 oratorie
999 4070 1201 4129 transtulerit
1217 4063 1236 4138 ¹)
1261 4084 1348 4127 men-

199 4251 215 4304 1)
230 4251 282 4294 Nos
295 4250 325 4293 de
340 4249 425 4302 aliqua
438 4249 565 4294 comoedia
579 4252 711 4294 narrantes
725 4250 761 4295 sic
777 4249 844 4302 loqui
859 4250 980 4295 solemus:
998 4251 1037 4306 „in
1052 4248 1159 4295 Terentii
1174 4246 1293 4292 Eunucho
1311 4249 1350 4298 (ut

170 4327 217 4372 hoc
238 4329 298 4372 utar
317 4326 440 4382 exemplo)
461 4338 550 4372 servus
570 4337 655 4372 senem
674 4327 807 4384 decipit3
823 4327 922 4382 culpam
941 4328 1068 4374 malefacti
1087 4330 1114 4372 in
1129 4327 1272 4372 meretrices
1287 4338 1350 4372 con-

170 4406 260 4460 iert;'’
276 4405 325 4459 vei,
339 4414 414 4450 versu
428 4404 512 4461 citato,
528 4405 597 4461 ,vide
612 4417 687 4459 quam
702 4406 782 4460 lepide
801 4417 828 4451 se
842 4407 964 4451 Parmeno
979 4406 1146 4451 defendat?
1162 4405 1247 4450 Sermo
1263 4406 1348 4449 autem

130 4479 133 4493 ¹
171 4483 328 4528 scholiastae
339 4481 386 4526 hoc
398 4481 475 4528 habet
488 4485 517 4528 ut
524 4482 575 4528 iere
583 4493 681 4538 semper
688 4484 831 4530 huiusmodi
839 4484 900 4528 locis
911 4483 1084 4539 perfectum
1096 4484 1349 4538 tempusponatur.

171 4561 240 4618 Quod
255 4561 335 4606 semel
350 4560 499 4606 observasse
515 4559 683 4606 utilissimum
698 4564 739 4607 est
752 4561 775 4606 ei
792 4561 835 4615 qui
849 4561 1017 4606 Scholiastam
1032 4564 1146 4607 excutere
1162 4562 1232 4606 velit
