3230 5260
843 672 884 731 76

277 862 401 920 tionem
433 860 568 919 vitiatae
591 860 759 934 virginis.”
785 859 875 919 Idem
899 858 1095 917 adversum
1119 857 1193 931 994,
1218 856 1273 915 ubi
1296 856 1446 914 Parmeno

276 974 365 1033 addit
389 973 609 1033 audaciam
633 973 910 1033 meretricum
935 973 1092 1046 specta,
1118 971 1269 1030 annotat:
1297 968 1447 1043 ,oratorie

276 1087 395 1146 avertit
414 1087 498 1146 iram
511 1087 599 1147 senis
611 1103 631 1147 a
642 1103 678 1146 se
691 1089 724 1146 et
736 1102 755 1146 a
768 1085 911 1146 Chaerea
923 1088 1019 1158 atque
1032 1085 1158 1144 derivat
1170 1083 1203 1143 iu
1215 1083 1446 1144 meretricem’2

320 1200 385 1259 Vix
404 1202 592 1274 exspectato
612 1201 807 1260 narrationis
826 1197 890 1259 fine
910 1214 1012 1258 senex
1031 1199 1153 1258 misero
1172 1196 1237 1258 filio
1258 1213 1353 1271 opem
1371 1197 1448 1258 serre

275 1316 434 1389 properat.

692 1563 803 1624 Aeros
826 1563 854 1621 V
877 1565 986 1624 Sonus
1011 1567 1041 1624 6.

320 1724 390 1783 Non
413 1725 521 1798 potest
543 1724 661 1784 melius
684 1725 781 1784 huius
804 1740 920 1786 scenae
945 1727 1175 1800 argumentum
1200 1725 1336 1785 describi
1357 1741 1450 1799 quam

277 1837 328 1896 his
353 1838 552 1897 scholiastae
575 1838 684 1898 verbis
706 1839 756 1908 (ad
779 1840 862 1898 1002
883 1844 980 1913 sqq.):
1005 1839 1160 1915 ,Pythias
1180 1839 1342 1912 egreditur
1353 1839 1451 1907 veluti

276 1951 410 2010 irrisura
440 1951 685 2028 Parmenonem,
718 1954 755 2011 ut
785 1953 856 2026 ipsa
885 1954 995 2026 putat;
1029 1952 1136 2026 egredi
1167 1953 1279 2036 autem
1310 1968 1329 2011 a
1359 1954 1450 2026 poeta

276 2066 400 2139 cogitur
430 2068 467 2125 ut
497 2067 610 2126 doceat
640 2068 794 2141 populum
825 2068 900 2141 quid
928 2068 1016 2127 intus
1040 2068 1142 2141 egerit
1165 2067 1299 2126 senex.”
1324 2064 1449 2125 Deridet

276 2181 387 2238 autem
417 2179 655 2239 Parmenonem
687 2180 822 2254 Pythias
853 2182 937 2254 quod
968 2197 1003 2240 se
1031 2180 1105 2241 ficto
1129 2182 1250 2240 terrore
1274 2178 1448 2256 perturbari

275 2307 392 2365 passus
422 2293 466 2352 sit
496 2296 529 2352 et
559 2294 683 2354 factum
714 2309 810 2353 suum
838 2295 908 2353 seni
933 2295 1132 2354 indicaverit.
1159 2294 1257 2354 Cuius
1280 2296 1448 2369 postquam

277 2406 374 2465 verba
393 2405 629 2479 cachinnosque
649 2407 881 2482 aliquantisper
900 2408 1025 2468 audivit
1043 2409 1212 2483 Parmeno,
1234 2409 1367 2468 tandem
1379 2422 1447 2466 eam

276 2519 352 2593 quid
375 2518 479 2578 rideat
503 2522 604 2595 rogat,
630 2523 664 2580 at
687 2520 743 2579 illa
767 2521 864 2590 (1008
888 2525 987 2594 sqq.):

987 2635 1145 2709 Rogitas?

363 2747 536 2820 Nunquam
559 2747 611 2821 pol
634 2747 801 2808 hominem
825 2749 1009 2808 stultiorem
1033 2748 1099 2808 vidi
1123 2764 1181 2808 nec
1206 2748 1320 2809 videbo
1344 2749 1386 2808 ah

364 2861 434 2919 Non
457 2876 591 2935 possum
615 2863 697 2920 satis
720 2877 852 2921 narrare
876 2877 956 2936 quos
978 2862 1071 2922 ludos
1094 2863 1280 2937 praebueris
1302 2863 1401 2922 intus.

274 2974 392 3049 Lepide
415 2990 553 3048 vereque
579 2975 775 3034 Scholiasta:
799 2976 996 3050 ,Postquam
1016 2976 1181 3049 rogitas
1201 2977 1337 3051 dixerat,
1360 2976 1449 3049 quasi

274 3089 444 3148 narratura
467 3090 636 3149 videbatur
660 3091 692 3148 et
715 3089 798 3149 redit
822 3090 862 3149 ad
886 3090 1163 3149 insultationem.”

318 3202 439 3262 Eodem
462 3206 589 3278 spectat
613 3203 779 3264 annotatio
804 3205 843 3263 ad
867 3219 1000 3263 versum
1024 3206 1231 3277 sequentem:

408 3318 453 3376 At
476 3318 576 3376 etiam
601 3317 753 3376 callidum
778 3319 811 3377 et
834 3318 991 3377 disertum
1016 3318 1135 3377 credidi
1158 3317 1334 3377 hominem.

322 3430 430 3505 ,Haec
461 3431 571 3489 omnia
601 3431 648 3490 sic
679 3431 712 3490 in
743 3447 841 3491 scena
870 3431 1079 3505 pronuntiata
1105 3434 1183 3491 sunt
1205 3433 1242 3490 ut
1264 3429 1332 3490 risu
1356 3430 1449 3490 inter-

274 3543 381 3617 rumpi
403 3544 621 3603 viderentur.’'
646 3544 728 3604 Tum
752 3545 800 3604 sio
823 3544 981 3604 miserum
1004 3544 1171 3603 hominem
1194 3543 1331 3604 ludibrio
1355 3544 1451 3604 habet

275 3657 392 3718 ancilla
414 3657 565 3731 petulans
589 3659 686 3727 (1012
710 3661 808 3730 sqq.):

409 3769 514 3845 quid?
537 3771 652 3830 ilicone
677 3771 805 3830 credere
829 3787 867 3831 66
890 3787 972 3845 quae
996 3771 1064 3830 dixi
1086 3770 1228 3846 oportuit
1250 3773 1308 3832 te?

408 3884 460 3944 An
483 3885 668 3959 paenitebat
691 3885 803 3961 flagiti,
828 3888 861 3945 te
885 3888 1016 3946 auctore
1039 3887 1122 3960 quod
1145 3886 1277 3946 fecisset

407 3998 614 4074 Adolescens,
646 4000 679 4058 ni
702 4000 860 4059 miserum
883 4000 1015 4074 insuper
1036 4001 1137 4059 etiam
1159 4000 1244 4074 patri
1268 3999 1450 4060 indicares?

274 4112 324 4172 Ad
359 4113 498 4172 alterurn
533 4127 667 4172 versum
701 4112 909 4172 verissimam
944 4114 1027 4172 hanc
1061 4113 1219 4172 habemus
1251 4113 1449 4172 scholiastae

275 4226 536 4286 annotationem:
571 4226 649 4301 ,An
672 4227 940 4300 poenitebat:
965 4227 1043 4286 illud
1067 4228 1151 4300 quod
1174 4241 1272 4300 supra
1295 4240 1315 4284 a
1337 4225 1447 4300 stulto,

274 4341 335 4400 hoc
366 4341 449 4415 quod
472 4355 557 4400 nunc
580 4340 658 4399 dicit
681 4355 700 4398 a
723 4340 809 4398 malo
833 4339 903 4400 fieri
925 4341 1039 4415 potuit.
1066 4340 1148 4400 Illud
1172 4340 1211 4399 ab
1234 4339 1446 4414 imprudente,

275 4455 336 4514 hoo
359 4454 442 4528 quod
465 4454 557 4528 peius
580 4455 631 4513 est
654 4468 674 4512 6
696 4453 851 4513 sciente.”
