3230 5260
705 691 766 750 129

146 881 253 952 potest
281 880 368 939 iusta
391 878 603 940 adolescentis
627 880 763 939 honesto
786 879 855 939 loco
878 880 948 939 nati
970 895 1061 954 uxor,
1087 881 1122 939 si
1146 881 1208 940 sic
1232 895 1319 939 earn

147 994 320 1053 constat
361 995 458 1053 ante
496 994 670 1067 nuptias
701 994 955 1068 impudicam
991 995 1159 1054 ductam
1194 995 1320 1054 esse.''

147 1106 229 1181 Sic,
263 1108 301 1166 ut
331 1122 427 1181 saepe
458 1107 617 1167 Graecum
644 1105 747 1182 οὕτως,
770 1107 822 1166 hic
846 1107 1023 1182 significat:
1048 1107 1096 1167 sic
1119 1108 1318 1183 simpliciter,

145 1220 235 1280 nulla
266 1235 301 1280 re
332 1223 512 1296 accedente,
538 1222 571 1280 in
594 1237 657 1295 qua
680 1221 808 1294 aliquod
834 1222 913 1281 insit
935 1222 1086 1282 lenimen.
1112 1223 1173 1282 Sed
1197 1222 1319 1296 impu·

146 1335 283 1394 dicam
307 1336 474 1394 ductam
498 1337 534 1393 ut
558 1349 675 1393 sanum
699 1335 742 1394 sit
765 1351 886 1395 vereor.
912 1334 1005 1395 Certe
1029 1336 1067 1395 de
1087 1334 1321 1409 significatione

146 1447 275 1507 dubito:
308 1441 364 1507 aut
395 1449 481 1507 enim
513 1450 580 1508 est:
615 1449 815 1523 „meretricis
845 1449 989 1522 vulgaris
1020 1449 1171 1510 habuisse
1202 1465 1321 1508 nomen

144 1562 366 1637 famamque‚''
398 1565 454 1621 aut
478 1563 546 1636 „ad
570 1565 742 1635 quaestum
766 1563 986 1622 meretricium
1011 1564 1213 1622 educatam.'’
1238 1563 1321 1622 Nam

145 1677 206 1736 hoc
238 1692 363 1749 quoque
393 1677 427 1735 in
457 1677 543 1736 hunc
565 1677 673 1735 locum
697 1677 842 1751 quadrat,
867 1677 1175 1751 commendaturque
1198 1677 1259 1736 hac
1283 1677 1322 1736 ad

144 1805 192 1850 vs.
220 1791 263 1850 48
288 1791 513 1850 annotatione:
538 1791 648 1849 Lana
671 1806 716 1849 ac
738 1790 826 1849 tela
849 1791 1021 1860 victum]
1050 1789 1260 1864 „Artificiosa
1286 1792 1323 1848 ut

144 1903 295 1963 videatur
321 1903 434 1978 pudice
458 1904 542 1978 apud
566 1919 639 1962 eam
661 1904 771 1963 futura
793 1904 1041 1963 materfamilias
1066 1904 1193 1962 educari
1216 1917 1321 1977 posse,

145 2032 246 2089 quam
270 2017 475 2078 meretricem
499 2018 677 2077 necessitas
700 2019 808 2078 fecit.''
833 2018 916 2076 Tum
940 2019 1051 2078 autem
1074 2033 1131 2092 pro
1155 2017 1322 2075 ductam

145 2130 322 2203 requiritur
353 2131 556 2190 eductam.
585 2130 667 2190 Utut
690 2133 749 2205 est,
775 2131 908 2190 obscure
932 2131 984 2190 hic
1007 2131 1204 2204 barbareque
1228 2129 1322 2189 Scho-

145 2242 245 2304 liasta
275 2244 425 2317 loquitur.
458 2245 533 2303 Mox
564 2245 614 2313 (ad
638 2245 777 2304 eundem
799 2259 848 2304 vs.
874 2245 944 2314 441ε
973 2243 1030 2319 „ln
1054 2244 1235 2304 conditione
1258 2245 1322 2302 tur-

144 2357 276 2431 pissimi
306 2357 447 2416 nominis
478 2358 620 2416 multum
651 2358 791 2416 sumitur
822 2357 989 2416 excusatio
1019 2357 1230 2416 voluntatis.''
1262 2357 1323 2416 Hic

145 2473 203 2530 aut
231 2473 297 2530 uria
320 2477 386 2530 vox
409 2472 593 2530 sumitur
617 2473 674 2531 aut
693 2472 775 2531 duae
795 2472 974 2531 multum
994 2473 1179 2530 sumitur
1199 2486 1323 2544 corrup-

147 2585 202 2643 tae
228 2587 321 2658 sunt;
346 2585 403 2644 sed
427 2584 586 2658 quomodo
611 2585 781 2645 emendem
805 2600 869 2644 non
893 2585 1004 2644 habac.

192 2699 246 2757 47.
274 2697 351 2772 „Est
374 2699 461 2758 enim
485 2699 651 2757 duriter
674 2699 744 2757 sine
764 2714 863 2757 sensu
882 2699 1033 2758 laboris.’'
1055 2699 1153 2758 Balbo
1174 2713 1323 2758 sermone

144 2811 207 2871 hoc
237 2812 369 2871 dicitur:
398 2811 589 2887 „Duriter
613 2814 687 2880 (non
711 2812 819 2881 dure)
844 2812 948 2870 vitam
972 2828 1066 2886 agere
1091 2813 1160 2871 eius
1184 2813 1243 2887 est,
1269 2811 1323 2885 qui

145 2925 268 2984 laboris
291 2925 480 2998 inopiaeque
504 2925 709 2984 incommoda
732 2941 772 2984 ne
796 2925 916 2983 sentire
940 2925 1070 2998 quidem
1092 2925 1271 2984 videatur.'’

192 3039 245 3098 54.
271 3038 448 3111 Postquam
472 3038 657 3098 observavit
679 3038 911 3112 perducere
935 3054 1046 3098 eorum
1067 3053 1147 3113 esse,
1170 3038 1224 3111 qui
1244 3038 1324 3097 alios

146 3152 270 3211 invitos
293 3166 405 3210 secum
428 3151 569 3227 trahant,
594 3151 674 3210 haec
698 3152 786 3210 addit
807 3151 1004 3211 Scholiasta:
1028 3151 1117 3227 „Hoc
1137 3150 1237 3210 etiam
1257 3167 1323 3210 ver-

145 3266 227 3325 bum
258 3264 380 3322 iudices
410 3265 618 3338 pronuntiare
649 3264 786 3322 solent.”
820 3263 899 3338 Quid
927 3265 988 3323 sibi
1011 3265 1091 3324 haec
1114 3264 1251 3324 volunt?
1274 3259 1326 3322 Alr

145 3379 248 3439 forte:
288 3378 440 3451 „ideoque
474 3377 620 3450 legitima
655 3377 734 3436 haec
756 3392 822 3436 vox
853 3380 912 3453 est,
945 3393 1008 3450 qua
1039 3377 1160 3436 iudices
1190 3379 1327 3436 utuntur

148 3508 224 3552 cum
249 3492 459 3565 pronuntiant
478 3506 570 3549 reum
590 3505 654 3549 non
675 3492 788 3564 sponte
809 3491 865 3550 sed
886 3491 1025 3549 invitum
1045 3491 1170 3566 fecisse,
1193 3491 1326 3564 ideoque

147 3621 223 3665 esse
254 3604 518 3665 absolvendum.'’
547 3603 635 3663 Haec
659 3604 688 3662 si
711 3606 761 3662 est
785 3604 1019 3663 observationis
1043 3605 1215 3680 sententia,
1241 3605 1326 3664 haud

148 3720 244 3779 dubie
268 3720 380 3778 auctor
404 3718 473 3778 eius
497 3719 529 3776 et
553 3718 633 3776 alios
656 3718 743 3776 locos
768 3719 800 3776 et
824 3717 909 3776 hunc
933 3715 1094 3776 Ciceronis
1118 3721 1193 3777 aute
1217 3719 1325 3777 oculos

148 3833 264 3894 habuit
297 3832 395 3902 (Verr.
427 3831 456 3888 V
486 3834 503 3902 ᾖ
535 3832 605 3900 331ε
640 3831 879 3905 „Renovabitur
902 3832 1007 3904 prima
1030 3831 1087 3890 illa
1109 3832 1227 3890 militia
1251 3847 1325 3890 cum

149 3949 213 4006 iste
238 3962 255 4005 e
278 3946 346 4005 foro
370 3945 493 4020 abduci,
517 3959 590 4020 non,
616 3946 652 4002 ut
676 3945 743 4017 ipse
767 3944 939 4018 praedicat,
964 3944 1095 4017 perduci
1117 3944 1272 4003 solebat.’'

196 4061 249 4120 55.
281 4059 453 4132 Egomet
485 4057 687 4116 continuo
719 4060 889 4126 mecum]
922 4058 1027 4132 „Bene
1051 4073 1190 4131 mecum,
1215 4058 1325 4138 utap-

149 4175 264 4248 pareat
283 4171 363 4230 nihil
382 4174 505 4231 temere
526 4171 748 4246 constitutum,
770 4171 822 4229 vel
841 4171 1004 4244 prolatum
1024 4171 1127 4243 foras;
1145 4171 1205 4229 hoc
1217 4169 1324 4243 ipsum

150 4287 233 4347 satis
258 4285 442 4359 quaesitum
467 4299 547 4359 esse,
569 4284 653 4357 quod
672 4285 788 4343 statuit
808 4285 846 4342 de
866 4284 957 4342 salsis
978 4283 1107 4357 nuptiis,
1129 4285 1162 4341 et
1181 4283 1326 4341 infensus

151 4402 241 4459 esset
270 4398 368 4457 fili0.”
392 4399 454 4457 Pro
479 4399 518 4456 et
542 4397 739 4455 infensus
762 4397 936 4471 legendum
959 4398 1004 4454 ut
1027 4396 1232 4454 infensus.
1258 4396 1327 4455 Hoc

154 4514 241 4572 enim
273 4527 374 4571 senex
405 4512 530 4584 spectat
562 4513 594 4569 et
625 4511 684 4569 hoo
713 4512 762 4568 est
793 4511 949 4569 falsarum
981 4510 1110 4568 illarum
1141 4511 1327 4582 nuptiarum

1208 4616 1222 4658 9
