3230 5260
850 676 912 736 124

291 878 367 921 vero
402 879 516 937 corpus
550 865 694 938 reposuit
723 864 969 924 Westerhovius
999 881 1055 938 pro
1091 866 1202 924 alius
1237 866 1460 926 subaudiet

291 977 441 1051 legendo:
481 977 668 1052 psallere
704 977 883 1037 subaudi
915 980 955 1037 et
985 979 1136 1037 restim
1168 979 1328 1039 ducere.
1360 979 1458 1054 Quam

291 1093 509 1152 coniecturam
540 1092 569 1151 si
599 1091 671 1164 quis
702 1091 772 1151 ideo
804 1093 837 1150 in
867 1094 996 1151 textum
1020 1092 1239 1166 recipiendum
1262 1094 1358 1166 neget
1380 1093 1458 1166 quod

290 1221 309 1264 a
328 1206 448 1265 tradita
466 1205 603 1265 lectione
618 1206 757 1265 nimium
770 1208 908 1280 recedat,
922 1221 1029 1281 prave,
1044 1222 1097 1265 me
1110 1205 1223 1280 iudice,
1237 1205 1457 1265 ratiocinetur:

288 1319 477 1378 testimonio
500 1320 607 1394 potius
631 1319 687 1378 illa
710 1322 768 1394 est,
795 1335 859 1379 non
882 1335 977 1393 posse
1001 1320 1228 1379 commentarii
1250 1321 1379 1379 textum
1398 1319 1458 1378 leni

289 1433 398 1492 sanari
420 1433 556 1492 medela.

333 1547 410 1606 Hec.
442 1547 498 1621 III,
531 1549 561 1622 4,
596 1548 645 1606 10.
679 1546 770 1606 Sosia
800 1563 924 1622 servus,
957 1548 1052 1607 modo
1081 1563 1156 1606 cum
1179 1547 1308 1607 domino
1331 1561 1458 1620 peregre

288 1675 448 1736 reversus,
480 1661 674 1720 Parmenoni
705 1676 798 1720 servo
829 1663 940 1720 narrat
963 1662 1042 1734 quot
1065 1662 1266 1734 quantasque
1291 1674 1458 1720 aerumnas

288 1774 322 1832 in
344 1773 427 1833 mari
451 1775 495 1833 sit
518 1789 699 1848 perpessae.

465 1887 542 1946 Dies
565 1888 708 1964 triginta,
734 1890 791 1947 aut
814 1889 887 1962 plus
911 1905 957 1963 ec,
983 1888 1018 1947 in
1040 1888 1116 1948 navi
1140 1889 1196 1964 fui,

465 2000 546 2061 Cum
570 2001 694 2061 interea
718 2017 846 2076 semper
869 2004 1011 2061 mortem
1035 2003 1265 2076 exspectabam
1289 2002 1397 2061 miser.

465 2116 516 2174 lta
538 2131 640 2189 usque
664 2116 801 2175 advorsa
824 2117 1021 2190 tempestate
1044 2115 1095 2174 usi
1119 2131 1244 2175 sumus.

287 2229 352 2288 Hic
378 2230 554 2288 Parmeno:
590 2230 786 2312 „Odiosum”
819 2230 991 2305 exclamat,
1025 2232 1121 2303 atque
1152 2230 1199 2289 sic
1225 2229 1330 2304 pergit
1353 2229 1456 2287 Sosia:

290 2342 403 2415 „Haud
435 2344 519 2402 clam
550 2357 603 2402 me
635 2344 717 2401 est.'’
746 2343 795 2402 Ad
819 2343 904 2402 hunc
927 2344 1035 2403 locum
1059 2346 1092 2402 et
1115 2344 1179 2403 alia
1202 2343 1364 2417 adscripta
1387 2343 1458 2401 sunt

287 2456 320 2514 et
343 2455 438 2515 haec:
467 2457 499 2515 H
507 2456 583 2517 aud
612 2456 718 2516 clam
746 2472 806 2516 me
827 2458 903 2527 est]
925 2456 1070 2533 „Andrus
1090 2473 1147 2532 pro
1167 2458 1232 2531 ugo
1253 2456 1398 2516 maxime
1417 2457 1456 2514 in-

286 2568 396 2643 telligo
431 2586 530 2643 quam
564 2570 712 2630 odiosum
747 2571 799 2630 sit.
832 2572 916 2631 Nam
947 2571 1002 2644 qui
1032 2572 1169 2646 iungunt
1200 2573 1232 2631 et
1264 2571 1311 2630 sic
1340 2570 1456 2645 legunt,

287 2686 395 2743 errant
426 2687 458 2744 et
489 2701 553 2744 non
580 2685 797 2759 intelligunt.”
821 2686 892 2744 Non
915 2687 1027 2760 magni
1049 2687 1210 2746 momenti
1232 2687 1313 2746 haec
1336 2686 1387 2745 est
1409 2699 1456 2743 an·

285 2799 426 2871 notatio;
448 2798 590 2871 aliquam
609 2800 720 2857 tamen
740 2799 918 2858 utilitatem
938 2800 1044 2874 habet,
1067 2800 1141 2873 quia
1160 2799 1253 2858 nobis
1272 2798 1456 2858 facultatem

285 2912 417 2985 praebet
451 2912 663 2986 cognoscendi
698 2914 856 2985 quantum
890 2914 924 2971 in
958 2913 1184 2974 Westerhovio
1214 2913 1313 2972 fuerit
1342 2910 1455 2986 ingenii

286 3041 439 3086 acumen:
464 3026 492 3084 is
516 3026 603 3085 enim
627 3027 725 3086 verba
748 3043 847 3086 sensu
871 3042 965 3086 cassa
987 3043 1078 3086 nam
1111 3026 1179 3099 qui
1211 3027 1392 3101 iungunt
1421 3025 1457 3084 et

285 3139 347 3198 sic
381 3138 527 3213 legunt
560 3142 705 3199 errant
734 3141 781 3200 ita
812 3141 968 3201 correxit:
1000 3141 1099 3200 Nam
1131 3140 1199 3213 qui
1230 3139 1457 3214 seiungunt

286 3254 325 3310 et
356 3253 417 3312 sic
448 3252 597 3326 legunt
629 3253 723 3313 odio
755 3269 859 3328 sum,
894 3255 1049 3313 errant.

329 3365 459 3425 Phorm.
480 3366 520 3441 ll,
545 3368 572 3441 1,
594 3368 636 3426 43
657 3383 725 3440 sqq.
740 3366 951 3440 Lepidissime
964 3367 1122 3426 Phaedria
1134 3367 1270 3426 fratrem
1281 3366 1456 3440 patruelem

285 3480 504 3554 Antiphonem
537 3481 620 3554 apud
651 3480 738 3539 illius
768 3482 895 3554 patrem
927 3481 1068 3540 defendit
1097 3483 1130 3541 et
1158 3480 1230 3540 aliis
1261 3477 1456 3555 argumentis

286 3595 318 3652 et
341 3594 417 3654 hoc:
446 3595 499 3669 „Si
523 3594 595 3668 quis
619 3594 716 3653 homo
740 3596 880 3670 astutus,
905 3597 941 3654 ut
964 3595 1117 3655 Phormio
1141 3597 1200 3670 est,

462 3708 601 3767 Insidias
625 3709 754 3767 nostrae
777 3708 855 3768 fecit
878 3708 1122 3784 adolescentiae,

462 3822 509 3880 Ac
532 3821 619 3896 vicit,
645 3823 798 3880 nostrane
822 3837 860 3881 ea
884 3822 977 3896 culpa
1001 3823 1052 3881 est
1075 3837 1123 3901 an
1140 3821 1307 3881 iudicum?

463 3935 522 4010 Qui
546 3951 642 4010 saepe
665 3937 795 4010 propter
817 3936 975 3995 iuvidiam
999 3935 1148 3994 adimunt
1171 3935 1273 4009 diviti,

462 4049 528 4107 Aut
551 4050 680 4123 propter
703 4049 960 4110 misericordiam
984 4049 1106 4109 addunt
1129 4049 1292 4123 pauperi.”

286 4163 334 4221 Ad
354 4164 451 4223 verba
471 4162 540 4236 qui
563 4177 742 4236 saepe-
757 4162 886 4222 diviti
908 4163 1127 4222 annotationis
1147 4163 1286 4221 miserae
1302 4161 1455 4235 quaedam

284 4278 458 4348 supersunt
477 4275 631 4348 laciniae;
645 4275 763 4349 legitur
780 4277 884 4337 enim:
901 4277 1042 4351 „Notum
1055 4276 1149 4336 alteri
1162 4276 1216 4349 qui
1229 4276 1394 4336 invident''
1405 4293 1412 4349 ;
1425 4274 1456 4332 at

283 4390 448 4462 praeclara
464 4389 642 4462 sagacitate
656 4390 731 4462 quid
744 4390 822 4448 olim
835 4390 994 4464 scriptum
1006 4390 1104 4449 fuerit
1116 4389 1362 4449 Westerhovius
1374 4390 1454 4448 inve-

196 4471 202 4483 ·
286 4502 434 4577 stigavit;
450 4503 586 4562 coniecit
599 4503 701 4561 enim:
718 4501 859 4578 „Notum
872 4503 1009 4563 alterare
1022 4503 1073 4562 ius
1082 4503 1136 4578 qui
1144 4503 1322 4564 invident.’'
1333 4503 1454 4580 Opusue
