3230 5260
843 683 905 744 100

329 872 432 932 Pudet
462 888 574 934 senem
605 875 824 934 verecundum
855 875 893 934 de
924 891 958 933 16
989 889 1127 934 venerea
1157 874 1252 948 loqui,
1284 873 1341 933 sed
1365 874 1452 932 caute

284 987 505 1047 interiectione
525 988 600 1047 eho
620 988 659 1046 ad
675 988 766 1047 illam
781 988 904 1047 alludit.
922 987 1135 1061 Lepidissime
1151 989 1261 1047 autern
1278 987 1452 1046 Scholiasta

286 1103 436 1160 annotat:
465 1101 559 1175 ,eho
583 1101 762 1160 interiectio
785 1100 935 1175 ponentis
956 1117 1068 1161 aurem
1088 1102 1278 1176 propiorem.
1299 1101 1382 1160 Nam
1402 1101 1452 1159 illa

284 1214 419 1287 quaerit,
445 1229 526 1286 quae
550 1215 655 1273 solent
679 1215 717 1273 de
740 1213 868 1274 maritis
891 1214 1016 1288 puellae
1040 1215 1199 1274 matribus
1223 1213 1345 1287 queri.”

329 1326 487 1401 Responsi
517 1329 633 1387 recte
663 1328 714 1386 vis
746 1327 950 1401 cognoscitur
981 1343 1022 1386 ex
1053 1328 1130 1387 Heo.
1163 1330 1237 1388 355.
1270 1328 1319 1388 Ab
1343 1327 1450 1386 itinere

284 1456 434 1500 reversus
460 1441 659 1516 Pamphilus,
693 1457 756 1515 qua
787 1457 886 1501 causa
904 1443 956 1501 'ad
986 1443 1136 1516 parentes
1165 1441 1280 1501 abierit
1303 1455 1450 1500 6116166-

283 1555 396 1629 gnevit
425 1555 586 1628 simulque
618 1555 779 1615 intellexit
810 1556 871 1615 sibi
902 1555 969 1615 iam
1000 1557 1141 1616 reditum
1168 1556 1237 1615 eius
1262 1555 1451 1630 sperandum

283 1685 347 1728 non
371 1685 459 1741 esse3
485 1670 570 1728 dolet
594 1685 668 1742 orgo
691 1670 964 1742 vehementerque
988 1670 1082 1745 dolet,
1108 1670 1165 1728 sed
1185 1669 1303 1728 doloris
1324 1683 1451 1728 causam

283 1784 416 1842 reticere
447 1783 599 1842 decernit.
632 1783 744 1855 Itaque
768 1786 873 1842 matre
904 1785 1047 1858 rogante,
1073 1783 1148 1857 quid
1175 1783 1281 1842 tristis
1305 1782 1356 1857 sit,
1382 1797 1451 1841 cum

282 1899 394 1956 tamen
414 1897 525 1956 salvus
545 1898 614 1971 ipse
634 1897 761 1956 salvam
780 1912 918 1956 uxorem
937 1898 1106 1972 invenerit,
1131 1897 1248 1972 „Recte
1260 1897 1386 1955 mater'’
1399 1894 1450 1953 ait.

282 2010 338 2070 Est
382 2027 456 2084 ergo
495 2013 610 2070 recte
646 2011 715 2070 cius
749 2011 803 2084 qui
837 2012 1028 2085 respondero
1063 2011 1152 2086 nolit,
1189 2011 1246 2070 sed
1281 2025 1345 2083 qua
1377 2023 1451 2068 voce

282 2124 359 2183 illud
409 2125 534 2184 dicatur
582 2125 763 2184 Scholiasta
811 2140 871 2184 666
921 2126 1014 2184 (16661
1059 2125 1259 2184 annotando:
1310 2123 1450 2198 ,Recte

281 2239 432 2296 mater:
465 2238 512 2296 sic
543 2238 689 2313 dicimus,
723 2253 797 2298 cum
828 2239 898 2297 6166
929 2238 1046 2298 iniuria
1076 2237 1306 2311 interrogantis
1337 2235 1450 2310 aliquid

281 2350 487 2410 1611661666.”
1111 2425 1113 2430 ,
1156 2334 1158 2338 ’

326 2463 460 2525 Differre
495 2466 615 2538 aliquid
650 2466 733 2525 inter
768 2481 803 2525 66
837 2465 970 2524 fidum
1005 2467 1038 2525 et
1068 2465 1244 2524 fidelem
1276 2465 1451 2524 Scholiasta

282 2579 435 2639 admonet
465 2581 504 2639 ad
531 2581 660 2640 Phorm.
694 2581 745 2655 76,
772 2581 804 2639 61
827 2581 906 2639 illud
929 2581 967 2639 de
991 2580 1095 2639 amico
1119 2579 1190 2653 dici,
1216 2579 1276 2637 hoc
1300 2579 1451 2638 deservo

282 2694 407 2762 (addere
449 2696 576 2767 poterat
617 2695 655 2753 de
698 2696 885 2753 amatore
921 2696 1017 2766 atque
1052 2693 1183 2752 omnino
1218 2693 1257 2750 de
1291 2707 1329 2751 66
1365 2692 1451 2751 66166

281 2805 378 2866 fidem
410 2807 443 2865 in
473 2807 593 2867 leviore
624 2807 752 2881 negotio
780 2807 943 2880 cognitam
967 2807 1145 2875 habemus).
1171 2804 1358 2865 Consimilis
1380 2805 1451 2862 huic

282 2922 332 2978 661
363 2921 545 2980 observatio
577 2922 615 2980 de
647 2921 945 2980 committendi
975 2921 1083 2995 verbo,
1110 2918 1312 2992 quam·alibi
1336 2917 1448 2977 Scholi-

281 3035 353 3094 asta
387 3035 511 3108 posuit:
536 3037 762 3095 tantummodo
787 3037 825 3095 de
848 3035 987 3094 maximi
1009 3034 1168 3094 momenti
1192 3035 1288 3092 rebus
1312 3032 1449 3093 adhiberi

280 3149 358 3207 illud
382 3149 425 3207 ibi
448 3149 596 3222 legimus

324 3259 386 3324 lv.
409 3261 515 3320 Sicubi
535 3262 618 3334 apud
639 3261 826 3320 Terentium
847 3261 975 3334 aliquod
995 3261 1189 3320 vocabulum
1213 3261 1338 3319 certum
1358 3275 1448 3332 queu-

281 3375 356 3434 dam
381 3375 520 3433 colorem
543 3375 649 3449 habet,
675 3376 729 3447 qui
753 3375 807 3434 ille
827 3375 871 3434 sit
890 3390 988 3447 quam
1009 3373 1253 3433 accuratissime
1274 3373 1450 3432 Scholiasta

279 3489 489 3548 demonstrat.
522 3488 629 3548 Pauca
659 3489 710 3547 hic
743 3489 891 3562 exempla
919 3489 1090 3548 sufficiunt.
1115 3489 1193 3547 Hoc.
1219 3489 1282 3547 629
1308 3487 1450 3546 Sostrata

279 3603 429 3661 Lachetis
463 3618 555 3677 uxor,
592 3618 690 3675 quam
724 3603 863 3661 maritus
897 3602 1060 3661 incusavit
1095 3617 1228 3661 causam
1262 3601 1363 3660 fuisse
1398 3615 1450 3659 661

279 3714 337 3774 filii
357 3732 439 3775 uxor
459 3717 498 3775 ad
517 3718 668 3789 parentes
688 3731 764 3775 suos
785 3716 972 3791 confugerit,
994 3716 1065 3789 ipsa
1085 3717 1179 3775 domo
1200 3714 1287 3774 abire
1300 3714 1448 3787 decrevit,

279 3847 319 3891 ne
343 3831 518 3905 quidquam
541 3831 714 3904 quominus
738 3847 838 3890 nurus
862 3833 973 3890 redeat
997 3832 1111 3890 obstet.
1137 3831 1262 3890 Laudat
1282 3830 1449 3889 consilium

224 3971 226 3978 ·
279 3945 348 4004 eius
380 3945 513 4019 Laches,
545 3945 714 4018 laetusque
742 3944 811 4003 adit
833 3943 1048 4019 Chremetem,
1075 3959 1175 4003 nurus
1199 3945 1336 4018 patrem,
1362 3943 1449 4002 66166

279 4059 471 4118 affinitatem
501 4057 640 4116 maximi
670 4057 757 4117 facit.
783 4057 885 4131 Quem
909 4057 1105 4130 simulatque
1129 4055 1285 4129 conspicit
1308 4055 1355 4114 ita
1378 4055 1448 4114 allo-

278 4173 402 4246 quitur:
509 4240 514 4248 ,

454 4285 512 4344 Dic
535 4284 620 4344 filiae
644 4300 699 4343 rus
724 4300 950 4344 concessuram
974 4285 1049 4344 hinc
1074 4285 1255 4345 Sostratam

455 4400 503 4458 Ne
525 4400 720 4474 revereatur,
746 4399 855 4457 minus
879 4398 946 4457 iam
959 4396 1031 4471 'quo
1055 4401 1165 4458 redeat
1188 4399 1331 4457 domum.

278 4513 471 4573 Rectissime
492 4513 545 4570 hic
569 4511 749 4571 Scholiasta
773 4514 923 4572 annotat:
949 4483 1089 4587 ,Blande
1109 4528 1174 4571 non
1194 4511 1315 4571 addidit
1334 4514 1444 4585 tuae,
