3230 5260
727 627 787 685 107

167 815 310 896 corporis
322 815 447 874 offensu
458 830 596 890 puerum
608 816 750 875 sensisse
762 815 952 874 latentem.”
965 806 985 884 ¹)
995 815 1195 889 Agnoscisne
1204 815 1342 873 eundem

160 929 220 1002 qui
239 930 517 989 narratiunculam
538 930 576 990 de
595 929 747 990 Ambivio
766 930 853 989 ebrio
872 928 1009 989 fideliter
1028 928 1120 988 nobis
1139 928 1342 988 servaverit?

209 1042 302 1103 Adel.
339 1044 413 1103 585.
450 1044 551 1117 Syrus
586 1059 700 1103 servus
738 1043 896 1102 Demeam
933 1058 1046 1102 senem
1085 1043 1214 1102 tristem
1246 1043 1342 1115 atque
1382 1061 1386 1068 ·

167 1172 319 1216 severum
339 1157 476 1232 ablegat,
497 1173 537 1216 ne
557 1156 661 1216 filium
681 1158 899 1232 deprehendat
918 1157 1011 1231 genio
1031 1157 1262 1230 indulgentem.
1281 1156 1342 1214 Sed

166 1270 242 1342 quia
265 1270 387 1330 Demea
410 1271 653 1345 inexspectatus
678 1271 817 1346 advenit,
843 1270 949 1330 snbito
970 1270 1089 1343 aliquid
1108 1269 1228 1344 fingere
1249 1269 1342 1328 debet

167 1399 228 1456 quo
263 1399 339 1443 eum
374 1384 528 1443 dimittat.
560 1383 705 1458 Rogatus
735 1400 810 1458 ergo
840 1384 895 1442 ubi
919 1383 1011 1442 Micio
1035 1383 1134 1442 frater
1158 1383 1210 1458 sit,
1234 1382 1342 1442 locum

166 1497 309 1570 aliquem
321 1497 398 1557 dicit
411 1499 450 1556 ad
463 1497 693 1558 inveniendum
702 1497 942 1570 difficillimum;
953 1512 1015 1570 quo
1024 1497 1102 1556 dum
1111 1496 1172 1555 iter
1180 1498 1343 1556 monstrat

166 1611 235 1685 ipse
255 1612 289 1670 in
308 1627 450 1671 errorem
470 1612 649 1671 inducitur:
671 1612 759 1671 iubet
775 1612 862 1671 enim
875 1626 988 1671 senem
1000 1627 1057 1685 per
1069 1611 1274 1685 angiportum
1287 1611 1341 1670 ali·

166 1726 249 1797 quod
270 1725 445 1801 ambulare,
467 1727 551 1798 quod
571 1725 624 1786 ille
640 1727 789 1800 pervium
800 1741 865 1785 non
878 1741 950 1785 esse
963 1727 1034 1785 scit.
1048 1727 1123 1785 Mox
1135 1729 1247 1785 tamen
1259 1741 1341 1785 erro-

166 1855 236 1899 rem
256 1840 395 1916 corrigit,
418 1855 479 1914 quo
492 1841 699 1899 mendacium
711 1842 919 1915 properanter
930 1839 1043 1900 fictum
1056 1856 1157 1915 paene
1170 1841 1341 1914 deprehen-

166 1969 240 2013 sum
252 1953 367 2013 fuerat.
382 1955 433 2014 Sic
446 1954 559 2014 multis
571 1954 762 2029 ambagibus
774 1971 811 2014 eo
824 1955 971 2029 pervenit
982 1957 1019 2013 ut
1031 1954 1064 2013 in
1072 1953 1194 2013 fabrica
1202 1955 1341 2027 quadam

166 2068 336 2128 Micionem
357 2084 428 2128 esse
449 2069 543 2128 dicat.
565 2070 671 2141 Atque
688 2070 820 2143 rogatus
833 2069 907 2141 quid
920 2068 964 2127 ibi
976 2068 1074 2127 faciat
1086 2069 1139 2127 ille
1152 2069 1340 2143 respondet:

300 2183 449 2242 Lectulos
473 2184 506 2241 in
529 2183 597 2242 sole
620 2183 728 2258 ilignis
751 2183 886 2257 pedibus
909 2183 1075 2242 faciundos
1099 2183 1195 2242 dedit.

166 2297 311 2356 Annotat
346 2297 543 2356 Scholiasta:
583 2297 640 2371 ,In
673 2297 752 2356 urbe
784 2297 969 2356 convivium
1001 2297 1057 2354 aut
1080 2296 1113 2354 in
1136 2295 1205 2356 sole
1228 2297 1285 2355 aut
1308 2297 1341 2355 in

166 2409 282 2469 umbra
314 2426 371 2485 pro
406 2410 587 2470 conditione
621 2411 778 2485 temporis
809 2411 1037 2470 instruebatur.
1073 2410 1216 2485 Repente
1243 2411 1342 2484 igitur

167 2524 392 2601 interrogatus,
437 2526 520 2598 quod
561 2524 698 2583 minime
733 2524 924 2599 opinabatur
959 2524 1182 2596 quaesiturum
1217 2539 1339 2599 senem,

167 2639 300 2712 arripuit
323 2639 438 2698 statim
461 2638 657 2698 lectulos.
682 2639 722 2698 Et
745 2639 821 2712 quia
843 2638 948 2713 potuit
971 2654 1072 2697 senex
1096 2638 1217 2697 dicere:
1242 2639 1340 2697 Men-

166 2753 282 2828 11111,
307 2768 400 2812 nam
424 2753 550 2814 habet
572 2753 775 2829 lectuloS,
802 2753 924 2813 addidit
947 2770 988 2812 ex
1011 2755 1156 2827 tempore
1177 2753 1217 2812 in
1241 2754 1339 2812 sole.

166 2868 205 2926 Et
235 2884 275 2927 ne
306 2883 361 2928 eos
387 2884 513 2941 quoque
540 2868 657 2928 habere
681 2869 810 2942 diceret,
836 2869 958 2927 addidit
981 2868 1132 2941 ilignis
1163 2867 1340 2940 pedibus

165 2981 395 3041 faciendos.
430 2982 491 3041 Sed
515 2983 576 3041 hoc
598 2984 692 3056 gestu
716 2983 835 3041 actoris
859 2981 1006 3041 adiutum
1030 2984 1089 3056 est,
1115 2981 1207 3053 quasi
1227 2981 1340 3039 eodem

166 3099 310 3171 tempore
334 3111 449 3156 servus
473 3099 505 3156 et
528 3099 663 3170 quaerat
686 3097 761 3170 quid
782 3098 868 3156 dicat
888 3099 920 3155 et
939 3096 1163 3170 respondeat.’'
1183 3094 1340 3153 Videmus

167 3225 258 3286 nunc,
295 3212 331 3269 ut
365 3211 485 3286 opinor,
521 3211 749 3286 veteratorem,
782 3225 879 3282 quem
910 3210 981 3284 ipsa
1011 3210 1119 3283 inopia
1143 3212 1239 3282 atque
1263 3209 1340 3268 diffi-

168 3324 269 3383 cultas
293 3325 387 3383 solito
411 3324 584 3384 reddiderit
608 3298 805 3383 callidiorem
829 3323 1144 3395 insolentioremque.

209 3437 268 3498 Ad.
305 3439 379 3497 795.
421 3437 544 3497 Demea
585 3438 717 3497 tandem
753 3438 923 3510 aliquando
959 3438 1109 3511 cognovit
1143 3438 1340 3511 quantopere

167 3551 300 3610 ludibrio
331 3552 428 3610 fuerit
462 3552 592 3611 habitus
627 3553 660 3610 et
687 3566 785 3624 quam
816 3552 879 3610 diu.
911 3551 982 3610 Non
1006 3551 1093 3609 enim
1116 3551 1210 3609 illum
1233 3551 1340 3610 solum

169 3662 278 3741 fllium,
315 3681 413 3738 quem
448 3666 667 3739 adoptandum
698 3666 822 3724 dederit
844 3664 945 3739 fratri,
971 3665 1073 3724 nimia
1095 3664 1183 3723 illius
1206 3664 1339 3723 levitate

167 3779 360 3853 corruptum,
397 3779 453 3838 sed
489 3794 563 3838 eum
598 3794 733 3854 quoque,
770 3794 867 3852 quem
902 3780 970 3852 ipse
1002 3779 1135 3851 antiqua
1165 3777 1339 3837 severitate

167 3891 357 3967 educaverit,
384 3891 554 3967 abreptum
578 3894 618 3952 ad
641 3893 848 3968 pravitatem,
875 3893 951 3966 quin
975 3893 1075 3951 etiam
1096 3893 1182 3951 illius
1203 3907 1340 3951 causaa

166 4003 277 4065 lenone
312 4021 369 4080 per
402 4005 471 4065 vim
507 4007 679 4066 abductam
714 4006 865 4080 puellam,
902 4007 1031 4080 propter
1062 4021 1159 4078 quam
1191 4004 1269 4063 olim
1293 4004 1339 4063 illi

167 4120 269 4178 exorti
300 4121 367 4179 sint
397 4121 568 4181 tumultus.
597 4121 782 4196 Prorumpit
805 4137 847 4180 ex
870 4120 1002 4180 aedibus
1025 4120 1144 4194 fratris
1169 4120 1224 4177 ubi
1246 4119 1339 4178 illum

167 4246 239 4291 cum
274 4234 380 4292 amica
415 4235 601 4309 epulantem
635 4235 731 4294 modo
762 4235 987 4309 deprehendit;
1020 4234 1096 4293 deos
1127 4233 1338 4305 hominesque

192 4497 383 4553 ι1111111111111
402 4508 435 4544 an
456 4497 627 4543 iacentem?
