3230 5260
798 597 859 655 152

241 780 358 840 tari.’'
393 781 473 840 Mira
503 782 583 840 haec
606 781 818 841 ratiocinatio.
843 783 1015 841 Laetari
1039 783 1078 842 ab
1102 783 1261 842 oscitante
1284 783 1414 842 librario

241 893 398 966 scripturn
421 911 478 968 pro
501 895 723 968 gratulari.

283 1120 321 1195 V,
346 1122 375 1195 6,
404 1119 453 1179 11.
478 1120 694 1196 Pamphilum,
716 1119 767 1180 cui
787 1121 1012 1195 inexspectata
1031 1123 1147 1196 obtigit
1165 1123 1312 1198 felicitas,
1335 1121 1413 1182 Gha-

239 1233 339 1308 rinus,
375 1248 472 1305 quem
506 1234 606 1294 etiam
637 1235 789 1306 torquent
813 1251 907 1294 curae
931 1235 971 1294 de
993 1251 1095 1295 uxore
1119 1237 1292 1296 obtinenda
1314 1251 1414 1308 quam

241 1345 337 1421 cupit,
362 1347 471 1420 rogat:

518 1459 587 1534 Age
611 1475 664 1518 me
688 1460 721 1519 in
744 1461 810 1521 tuis
834 1461 983 1520 secundis
1007 1462 1139 1535 respice.

240 1572 440 1632 Annotatur:
463 1573 561 1647 „haec
580 1575 657 1632 sunt
677 1589 758 1646 quae
779 1575 976 1633 absolute
996 1574 1177 1635 dicuntur”
1198 1575 1314 1648 Ecquis
1334 1577 1415 1635 haec

240 1684 413 1760 intelligit?
425 1685 476 1744 An
488 1688 570 1747 forte
582 1687 770 1760 legendum:
787 1688 886 1761 „haec
898 1689 975 1746 sunt
987 1703 1069 1760 quae
1089 1688 1286 1748 absoluto
1307 1689 1413 1748 dicun·
1443 1744 1454 1756 x

240 1800 293 1858 tur
312 1803 367 1869 (so.
381 1816 400 1860 a
412 1800 508 1860 sociis
520 1800 587 1860 iam
600 1801 823 1860 condemnatis
834 1802 887 1860 vel
899 1802 1086 1861 etiamnunc
1098 1802 1221 1872 reis)”?
1234 1803 1295 1861 Sed
1307 1802 1415 1876 potius

241 1916 340 1973 sunt
359 1929 462 1987 quae
482 1914 660 1974 abiicienda
671 1917 758 1991 puto,
772 1917 809 1976 ut
821 1916 942 1975 scholio
955 1915 1002 1978 nil
1013 1916 1100 1974 aliud
1109 1915 1308 1990 significetur
1316 1931 1415 1989 quam

242 2023 442 2086 secundis
473 2026 535 2086 dici
557 2044 614 2102 pro
637 2028 838 2088 secundis
862 2029 996 2088 rebus.
1020 2029 1058 2088 V.
1083 2029 1123 2088 ad
1146 2029 1223 2089 Hec.
1248 2030 1272 2104 I,
1299 2029 1328 2104 2,
1357 2030 1414 2086 19:

246 2140 450 2216 „absolutum
483 2142 534 2200 est
563 2141 815 2215 praefinito;
844 2132 939 2201 'deest
969 2143 1114 2215 tempore
1138 2143 1195 2225 aut
1217 2141 1293 2214 quid
1316 2140 1413 2200 tale.”

242 2253 289 2314 Ne
320 2255 380 2312 hoc
410 2253 540 2327 quidem
569 2255 754 2314 incredibile
778 2256 887 2325 (variis
911 2255 998 2315 enim
1022 2255 1150 2315 casibus
1173 2253 1331 2314 obnoxius
1354 2239 1434 2312 fuit¹

245 2366 508 2436 commentarius)
533 2367 611 2427 olim
631 2368 788 2442 scriptum
807 2369 925 2427 fuisse:
948 2369 1048 2443 „haec
1067 2367 1213 2428 absolute
1233 2367 1414 2442 dicuntur,'’

244 2480 319 2539 hinc
341 2480 457 2538 iecisse
484 2481 583 2554 „haec
606 2483 683 2540 sunt
705 2497 787 2554 quae
812 2481 958 2540 absoluto
978 2481 1148 2541 dicuntur”
1170 2479 1414 2554 compilatorem

242 2592 296 2666 qui
331 2593 369 2652 de
404 2593 648 2665 quaestionibus
678 2594 805 2667 reisque
837 2593 1001 2669 cogitaret,
1034 2593 1171 2666 denique
1194 2593 1313 2662 iterum
1338 2609 1415 2652 casu

176 2689 178 2694 ¹
241 2708 293 2767 vel
326 2707 472 2767 consulto
498 2723 555 2781 pro
579 2708 777 2797 absoluto
800 2709 959 2782 scriptum
982 2707 1188 2766 absolute.
1214 2705 1292 2781 Quis
1316 2706 1412 2782 enim,

242 2820 305 2880 nisi
336 2821 376 2880 ad
400 2820 463 2880 alia
486 2820 596 2880 omnia
618 2823 729 2880 mente
753 2822 914 2896 aberrans,
940 2819 1080 2894 simplici
1104 2822 1200 2893 atque
1224 2819 1414 2878 notissimae
1540 2823 1544 2837 ¹

242 2933 459 2992 observationi
485 2934 672 3007 „absolute”
697 2935 760 3003 (vel
786 2935 885 3009 „haec
909 2933 1054 2992 absolute
1082 2932 1264 3002 dicuntur’')
1285 2932 1415 2992 adiiciat

239 3046 412 3105 vocabula:
440 3047 539 3120 „haec
562 3049 639 3106 sunt
662 3062 743 3120 quae
773 3079 807 3086 -
835 3046 1004 3106 dicuntur''
1029 3045 1081 3104 vel
1108 3046 1204 3119 „sunt
1227 3047 1353 3118 quae?’'

288 3160 337 3220 13.
373 3160 583 3234 „Terentius”
614 3161 661 3219 sic
696 3161 762 3220 fere
793 3161 932 3234 legimus
963 3160 997 3218 in
1020 3159 1151 3219 scholiis
1177 3159 1320 3234 „reliqua
1341 3162 1415 3234 post

239 3289 371 3333 scenam
395 3272 465 3332 fieri
488 3275 592 3334 vult.’'
614 3274 797 3347 Sequuntur
816 3288 902 3332 nunc
921 3274 991 3348 ipsa
1010 3273 1125 3333 scholii
1143 3273 1258 3332 verba:
1283 3289 1343 3347 „ne
1362 3274 1415 3332 vel

238 3387 324 3447 iusto
357 3387 482 3460 longior
516 3387 617 3463 fleret,
652 3386 705 3446 vol
741 3387 774 3445 in
806 3387 942 3446 eandem
972 3387 1102 3461 propter
1132 3401 1240 3445 rerum
1264 3386 1414 3446 similitu·

238 3501 346 3560 dinem
367 3502 588 3574 cogerentur-3⁹
604 3500 802 3560 Ritschelius
822 3503 895 3573 post
915 3500 956 3558 in
976 3499 1149 3559 eandem
1170 3498 1284 3558 inserit
1307 3520 1416 3574 „aava-

237 3611 369 3689 στροφὴν
389 3613 457 3673 bini
477 3615 636 3690 amores,’'
657 3630 720 3687 quo
739 3614 825 3672 iacto
845 3613 1028 3672 observatio
1044 3613 1189 3672 nascitur
1200 3612 1296 3685 plane
1309 3612 1415 3672 aliena

236 3727 275 3786 ab
299 3725 452 3786 hocloco
477 3727 739 3801 scholiastaeque
764 3727 907 3786 consilio

283 3841 333 3900 17.
358 3839 428 3900 Hoc
451 3840 596 3900 scholion
616 3841 670 3914 qui
690 3840 821 3914 scripsit
841 3840 922 3899 satis
942 3839 1050 3913 inepte
1069 3841 1143 3912 post
1159 3854 1292 3898 scenam
1304 3841 1414 3913 peragi

236 3955 347 4014 censet
377 3955 410 4012 et
437 3953 500 4013 alia
524 3957 556 4014 et
579 3955 655 4013 hoc:
683 3953 790 4029 „Crito
815 3953 980 4027 Chrysidis
1004 3953 1247 4028 haereditatem,
1272 3968 1413 4012 vacuam

235 4068 311 4143 iarn,
348 4068 459 4142 agnita
493 4067 640 4140 Glycerio
675 4083 694 4126 a
727 4069 818 4141 patre
854 4065 1034 4142 Chremeta
1071 4065 1132 4125 sibi
1167 4065 1342 4125 vindicat.'’
1375 4067 1410 4125 Id

236 4182 346 4239 autern
380 4180 454 4254 post
485 4194 618 4239 scenam
648 4178 717 4238 fieri
748 4179 825 4238 dicit
857 4178 1055 4238 Scholiasta:
1083 4194 1142 4253 „ne
1165 4179 1217 4237 vol
1241 4194 1341 4252 parvo
1365 4178 1409 4238 rei

235 4291 375 4352 Critonis
406 4295 548 4353 tractatu
580 4294 636 4352 aut
667 4293 908 4352 defraudatione
937 4292 1076 4366 Glycerii
1100 4291 1316 4351 infuscaretur
1338 4289 1410 4350 finis

235 4405 394 4464 fabulae.”
427 4405 490 4464 Ubi
520 4406 619 4482 verba
646 4421 775 4479 parvo
798 4406 859 4464 rei
884 4405 1074 4465 Critonis
1098 4407 1292 4464 tractatu
1316 4404 1409 4478 signi·
