<?xml version="1.0" encoding="UTF-8"?>
<!DOCTYPE html PUBLIC "-//W3C//DTD XHTML 1.0 Transitional//EN"
    "http://www.w3.org/TR/xhtml1/DTD/xhtml1-transitional.dtd">
<html xmlns="http://www.w3.org/1999/xhtml" xml:lang="en" lang="en">
 <head>
  <title>
</title>
<meta http-equiv="Content-Type" content="text/html;charset=utf-8" />
  <meta name='ocr-system' content='tesseract 3.04.00' />
  <meta name='ocr-capabilities' content='ocr_page ocr_carea ocr_par ocr_line ocrx_word'/>
</head>
<body>
  <div class='ocr_page' id='page_1' title='image "./deterentioetdon00hartgoog_0057.png"; bbox 0 0 3254 5274; ppageno 0'>
   <div class='ocr_carea' id='block_1_1' title="bbox 835 648 876 707">
    <p class='ocr_par' dir='ltr' id='par_1_1' title="bbox 835 648 876 707">
     <span class='ocr_line' id='line_1_1' title="bbox 835 648 876 707; baseline 0 0"><span class='ocrx_word' id='word_1_1' title='bbox 835 648 876 707; x_wconf 80' lang='lat'>42</span> 
     </span>
    </p>
   </div>
   <div class='ocr_carea' id='block_1_2' title="bbox 270 835 1444 1480">
    <p class='ocr_par' dir='ltr' id='par_1_2' title="bbox 270 835 1443 1138">
     <span class='ocr_line' id='line_1_2' title="bbox 314 835 1443 911; baseline 0.002 -17"><span class='ocrx_word' id='word_1_2' title='bbox 314 835 528 910; x_wconf 88' lang='lat' dir='ltr'>Lepidissima</span> <span class='ocrx_word' id='word_1_3' title='bbox 546 837 643 908; x_wconf 90' lang='lat' dir='ltr'>haec;</span> <span class='ocrx_word' id='word_1_4' title='bbox 664 852 741 896; x_wconf 86' lang='lat' dir='ltr'>nam</span> <span class='ocrx_word' id='word_1_5' title='bbox 761 837 902 911; x_wconf 86' lang='lat' dir='ltr'>profecto</span> <span class='ocrx_word' id='word_1_6' title='bbox 922 837 950 895; x_wconf 91' lang='lat' dir='ltr'>si</span> <span class='ocrx_word' id='word_1_7' title='bbox 970 836 1068 896; x_wconf 78' lang='lat' dir='ltr'>Thais</span> <span class='ocrx_word' id='word_1_8' title='bbox 1088 837 1148 897; x_wconf 91' lang='lat' dir='ltr'>hoc</span> <span class='ocrx_word' id='word_1_9' title='bbox 1160 837 1328 897; x_wconf 78' lang='lat' dir='ltr'><strong>habuisset</strong></span> <span class='ocrx_word' id='word_1_10' title='bbox 1340 838 1443 896; x_wconf 89' lang='lat' dir='ltr'>consi·</span> 
     </span>
     <span class='ocr_line' id='line_1_3' title="bbox 270 949 1442 1025; baseline 0.003 -17"><span class='ocrx_word' id='word_1_11' title='bbox 270 950 350 1008; x_wconf 92' lang='lat' dir='ltr'>lium</span> <span class='ocrx_word' id='word_1_12' title='bbox 381 951 418 1008; x_wconf 90' lang='lat' dir='ltr'>ut</span> <span class='ocrx_word' id='word_1_13' title='bbox 448 965 483 1008; x_wconf 89' lang='lat' dir='ltr'>se</span> <span class='ocrx_word' id='word_1_14' title='bbox 508 963 657 1008; x_wconf 64' lang='lat' dir='ltr'>‘sororem</span> <span class='ocrx_word' id='word_1_15' title='bbox 689 949 779 1009; x_wconf 91' lang='lat' dir='ltr'>illam</span> <span class='ocrx_word' id='word_1_16' title='bbox 810 965 881 1009; x_wconf 90' lang='lat' dir='ltr'>esse</span> <span class='ocrx_word' id='word_1_17' title='bbox 905 949 1084 1025; x_wconf 73' lang='lat' dir='ltr'>simularet,</span> <span class='ocrx_word' id='word_1_18' title='bbox 1109 966 1173 1010; x_wconf 92' lang='lat' dir='ltr'>non</span> <span class='ocrx_word' id='word_1_19' title='bbox 1197 950 1260 1010; x_wconf 90' lang='lat' dir='ltr'>alia</span> <span class='ocrx_word' id='word_1_20' title='bbox 1282 952 1442 1025; x_wconf 79' lang='lat' dir='ltr'>rogasset.</span> 
     </span>
     <span class='ocr_line' id='line_1_4' title="bbox 270 1062 1118 1138; baseline 0.002 -16"><span class='ocrx_word' id='word_1_21' title='bbox 270 1062 433 1138; x_wconf 77' lang='lat' dir='ltr'>Quaedam</span> <span class='ocrx_word' id='word_1_22' title='bbox 457 1063 675 1125; x_wconf 74' lang='lat' dir='ltr'>illustrantem</span> <span class='ocrx_word' id='word_1_23' title='bbox 699 1065 869 1124; x_wconf 90' lang='lat' dir='ltr'>audiamus</span> <span class='ocrx_word' id='word_1_24' title='bbox 893 1065 1118 1125; x_wconf 81' lang='lat' dir='ltr'>Scholiastam.</span> 
     </span>
    </p>

    <p class='ocr_par' dir='ltr' id='par_1_3' title="bbox 270 1176 1444 1480">
     <span class='ocr_line' id='line_1_5' title="bbox 314 1176 1444 1254; baseline 0.001 -19"><span class='ocrx_word' id='word_1_25' title='bbox 314 1191 362 1236; x_wconf 82' lang='lat' dir='ltr'>vs.</span> <span class='ocrx_word' id='word_1_26' title='bbox 388 1178 461 1236; x_wconf 83' lang='lat'>527.</span> <span class='ocrx_word' id='word_1_27' title='bbox 487 1176 597 1236; x_wconf 91' lang='lat' dir='ltr'>Haec</span> <span class='ocrx_word' id='word_1_28' title='bbox 620 1193 721 1250; x_wconf 93' lang='lat' dir='ltr'>quor</span> <span class='ocrx_word' id='word_1_29' title='bbox 745 1179 979 1251; x_wconf 85' lang='lat' dir='ltr'>quaeritet:</span> <span class='ocrx_word' id='word_1_30' title='bbox 1006 1179 1059 1254; x_wconf 83' lang='lat' dir='ltr'>„in</span> <span class='ocrx_word' id='word_1_31' title='bbox 1078 1181 1173 1252; x_wconf 87' lang='lat' dir='ltr'>gestu</span> <span class='ocrx_word' id='word_1_32' title='bbox 1193 1180 1226 1238; x_wconf 89' lang='lat' dir='ltr'>et</span> <span class='ocrx_word' id='word_1_33' title='bbox 1244 1178 1338 1237; x_wconf 92' lang='lat' dir='ltr'>vultu</span> <span class='ocrx_word' id='word_1_34' title='bbox 1358 1177 1444 1250; x_wconf 92' lang='lat' dir='ltr'>quod</span> 
     </span>
     <span class='ocr_line' id='line_1_6' title="bbox 270 1291 1443 1367; baseline -0.001 -17"><span class='ocrx_word' id='word_1_35' title='bbox 270 1291 373 1350; x_wconf 88' lang='lat' dir='ltr'>restat</span> <span class='ocrx_word' id='word_1_36' title='bbox 410 1291 622 1350; x_wconf 87' lang='lat' dir='ltr'>ostenditur.”</span> <span class='ocrx_word' id='word_1_37' title='bbox 657 1291 735 1367; x_wconf 89' lang='lat' dir='ltr'>Hoc,</span> <span class='ocrx_word' id='word_1_38' title='bbox 771 1293 808 1350; x_wconf 90' lang='lat' dir='ltr'>ut</span> <span class='ocrx_word' id='word_1_39' title='bbox 842 1292 962 1367; x_wconf 89' lang='lat' dir='ltr'>opinor,</span> <span class='ocrx_word' id='word_1_40' title='bbox 997 1292 1085 1352; x_wconf 82' lang='lat' dir='ltr'>vult:</span> <span class='ocrx_word' id='word_1_41' title='bbox 1121 1294 1233 1366; x_wconf 90' lang='lat' dir='ltr'>gestus</span> <span class='ocrx_word' id='word_1_42' title='bbox 1267 1291 1443 1364; x_wconf 90' lang='lat' dir='ltr'>vultusque</span> 
     </span>
     <span class='ocr_line' id='line_1_7' title="bbox 270 1405 1443 1480; baseline 0.002 -16"><span class='ocrx_word' id='word_1_43' title='bbox 270 1406 510 1465; x_wconf 89' lang='lat' dir='ltr'>indirectae</span> <span class='ocrx_word' id='word_1_44' title='bbox 530 1405 791 1479; x_wconf 84' lang='lat' dir='ltr'>interrogationis</span> <span class='ocrx_word' id='word_1_45' title='bbox 810 1406 879 1465; x_wconf 89' lang='lat' dir='ltr'>vim</span> <span class='ocrx_word' id='word_1_46' title='bbox 900 1406 1072 1480; x_wconf 84' lang='lat' dir='ltr'>explicant.</span> <span class='ocrx_word' id='word_1_47' title='bbox 1093 1407 1306 1466; x_wconf 89' lang='lat' dir='ltr'>Rectissime:</span> <span class='ocrx_word' id='word_1_48' title='bbox 1320 1407 1443 1466; x_wconf 88' lang='lat' dir='ltr'>etenim</span> 
     </span>
    </p>
   </div>
   <div class='ocr_carea' id='block_1_3' title="bbox 192 1519 1441 1592">
    <p class='ocr_par' dir='ltr' id='par_1_4' title="bbox 192 1519 1441 1592">
     <span class='ocr_line' id='line_1_8' title="bbox 192 1519 1441 1592; baseline 0 -15"><span class='ocrx_word' id='word_1_49' title='bbox 192 1561 193 1564; x_wconf 17' lang='grc' dir='ltr'>η</span> <span class='ocrx_word' id='word_1_50' title='bbox 270 1520 439 1592; x_wconf 90' lang='lat' dir='ltr'>tamquam</span> <span class='ocrx_word' id='word_1_51' title='bbox 470 1519 509 1578; x_wconf 90' lang='lat' dir='ltr'>ad</span> <span class='ocrx_word' id='word_1_52' title='bbox 541 1519 789 1579; x_wconf 80' lang='lat' dir='ltr'>circumstantes</span> <span class='ocrx_word' id='word_1_53' title='bbox 821 1535 856 1578; x_wconf 91' lang='lat' dir='ltr'>se</span> <span class='ocrx_word' id='word_1_54' title='bbox 880 1519 1034 1579; x_wconf 82' lang='lat' dir='ltr'>Chremes</span> <span class='ocrx_word' id='word_1_55' title='bbox 1058 1521 1218 1581; x_wconf 85' lang='lat' dir='ltr'>convertit</span> <span class='ocrx_word' id='word_1_56' title='bbox 1241 1521 1292 1579; x_wconf 86' lang='lat' dir='ltr'>his</span> <span class='ocrx_word' id='word_1_57' title='bbox 1315 1520 1441 1580; x_wconf 91' lang='lat' dir='ltr'>verbis:</span> 
     </span>
    </p>
   </div>
   <div class='ocr_carea' id='block_1_4' title="bbox 270 1627 1470 3881">
    <p class='ocr_par' dir='ltr' id='par_1_5' title="bbox 273 1627 1046 1707">
     <span class='ocr_line' id='line_1_9' title="bbox 273 1627 1046 1707; baseline 0.004 -17"><span class='ocrx_word' id='word_1_58' title='bbox 273 1632 384 1707; x_wconf 87' lang='lat' dir='ltr'>„Nunc</span> <span class='ocrx_word' id='word_1_59' title='bbox 407 1647 466 1692; x_wconf 92' lang='lat' dir='ltr'>vos</span> <span class='ocrx_word' id='word_1_60' title='bbox 489 1647 603 1692; x_wconf 90' lang='lat' dir='ltr'>omnes</span> <span class='ocrx_word' id='word_1_61' title='bbox 626 1648 702 1706; x_wconf 91' lang='lat' dir='ltr'>rogo</span> <span class='ocrx_word' id='word_1_62' title='bbox 727 1635 823 1707; x_wconf 89' lang='lat' dir='ltr'>atque</span> <span class='ocrx_word' id='word_1_63' title='bbox 846 1635 998 1693; x_wconf 87' lang='lat' dir='ltr'>obsecro&#39;’</span> <span class='ocrx_word' id='word_1_64' title='bbox 1015 1627 1046 1704; x_wconf 84' lang='lat'>¹).</span> 
     </span>
    </p>

    <p class='ocr_par' dir='ltr' id='par_1_6' title="bbox 270 1747 1443 2491">
     <span class='ocr_line' id='line_1_10' title="bbox 315 1747 1443 1820; baseline 0.001 -16"><span class='ocrx_word' id='word_1_65' title='bbox 315 1761 363 1806; x_wconf 93' lang='lat' dir='ltr'>vs.</span> <span class='ocrx_word' id='word_1_66' title='bbox 400 1747 473 1806; x_wconf 82' lang='lat'>529.</span> <span class='ocrx_word' id='word_1_67' title='bbox 496 1747 703 1807; x_wconf 62' lang='lat' dir='ltr'>,Intendit</span> <span class='ocrx_word' id='word_1_68' title='bbox 733 1748 913 1807; x_wconf 79' lang='lat' dir='ltr'>Scholiasta</span> <span class='ocrx_word' id='word_1_69' title='bbox 943 1748 1021 1808; x_wconf 89' lang='lat' dir='ltr'>dicit</span> <span class='ocrx_word' id='word_1_70' title='bbox 1051 1750 1107 1808; x_wconf 90' lang='lat' dir='ltr'>aut</span> <span class='ocrx_word' id='word_1_71' title='bbox 1137 1749 1223 1806; x_wconf 91' lang='lat' dir='ltr'>idem</span> <span class='ocrx_word' id='word_1_72' title='bbox 1255 1762 1327 1806; x_wconf 88' lang='lat' dir='ltr'>esse</span> <span class='ocrx_word' id='word_1_73' title='bbox 1359 1747 1443 1820; x_wconf 90' lang='lat' dir='ltr'>quod</span> 
     </span>
     <span class='ocr_line' id='line_1_11' title="bbox 271 1860 1441 1936; baseline 0 -18"><span class='ocrx_word' id='word_1_74' title='bbox 271 1860 494 1919; x_wconf 80' lang='lat' dir='ltr'>contendit</span> <span class='ocrx_word' id='word_1_75' title='bbox 524 1862 580 1920; x_wconf 89' lang='lat' dir='ltr'>aut</span> <span class='ocrx_word' id='word_1_76' title='bbox 611 1862 694 1934; x_wconf 94' lang='lat' dir='ltr'>quod</span> <span class='ocrx_word' id='word_1_77' title='bbox 724 1861 901 1935; x_wconf 87' lang='lat' dir='ltr'>probare</span> <span class='ocrx_word' id='word_1_78' title='bbox 931 1862 1040 1936; x_wconf 83' lang='lat' dir='ltr'>vult,</span> <span class='ocrx_word' id='word_1_79' title='bbox 1074 1875 1135 1934; x_wconf 94' lang='lat' dir='ltr'>quo</span> <span class='ocrx_word' id='word_1_80' title='bbox 1162 1876 1261 1920; x_wconf 89' lang='lat' dir='ltr'>sensu</span> <span class='ocrx_word' id='word_1_81' title='bbox 1285 1861 1441 1920; x_wconf 87' lang='lat' dir='ltr'>Iuriscon-</span> 
     </span>
     <span class='ocr_line' id='line_1_12' title="bbox 271 1973 1442 2049; baseline 0 -17"><span class='ocrx_word' id='word_1_82' title='bbox 271 1973 348 2032; x_wconf 91' lang='lat' dir='ltr'>sulti</span> <span class='ocrx_word' id='word_1_83' title='bbox 378 1976 521 2034; x_wconf 88' lang='lat' dir='ltr'>utantur.</span> <span class='ocrx_word' id='word_1_84' title='bbox 553 1974 622 2034; x_wconf 91' lang='lat' dir='ltr'>Hoc</span> <span class='ocrx_word' id='word_1_85' title='bbox 645 1976 762 2035; x_wconf 85' lang='lat' dir='ltr'>verius.</span> <span class='ocrx_word' id='word_1_86' title='bbox 788 1975 917 2049; x_wconf 87' lang='lat' dir='ltr'>Proprie</span> <span class='ocrx_word' id='word_1_87' title='bbox 941 1976 1164 2035; x_wconf 88' lang='lat' dir='ltr'>intendere</span> <span class='ocrx_word' id='word_1_88' title='bbox 1189 1976 1239 2034; x_wconf 90' lang='lat' dir='ltr'>est</span> <span class='ocrx_word' id='word_1_89' title='bbox 1262 1975 1385 2033; x_wconf 82' lang='lat' dir='ltr'>crimen</span> <span class='ocrx_word' id='word_1_90' title='bbox 1407 1975 1442 2032; x_wconf 93' lang='lat' dir='ltr'>in</span> 
     </span>
     <span class='ocr_line' id='line_1_13' title="bbox 271 2082 1442 2163; baseline -0.002 -17"><span class='ocrx_word' id='word_1_91' title='bbox 271 2089 493 2150; x_wconf 86' lang='lat' dir='ltr'>adversarium</span> <span class='ocrx_word' id='word_1_92' title='bbox 517 2089 620 2148; x_wconf 89' lang='lat' dir='ltr'>iacere</span> <span class='ocrx_word' id='word_1_93' title='bbox 635 2082 666 2159; x_wconf 79' lang='lat'>²).</span> <span class='ocrx_word' id='word_1_94' title='bbox 691 2088 797 2163; x_wconf 86' lang='lat' dir='ltr'>Atque</span> <span class='ocrx_word' id='word_1_95' title='bbox 820 2089 881 2148; x_wconf 92' lang='lat' dir='ltr'>hoc</span> <span class='ocrx_word' id='word_1_96' title='bbox 904 2090 1029 2163; x_wconf 83' lang='lat' dir='ltr'>egregie</span> <span class='ocrx_word' id='word_1_97' title='bbox 1053 2089 1220 2149; x_wconf 91' lang='lat' dir='ltr'>hominem</span> <span class='ocrx_word' id='word_1_98' title='bbox 1239 2088 1442 2148; x_wconf 88' lang='lat' dir='ltr'>rusticanum</span> 
     </span>
     <span class='ocr_line' id='line_1_14' title="bbox 271 2200 1441 2278; baseline -0.002 -18"><span class='ocrx_word' id='word_1_99' title='bbox 271 2201 371 2277; x_wconf 86' lang='lat' dir='ltr'>decet,</span> <span class='ocrx_word' id='word_1_100' title='bbox 403 2203 510 2261; x_wconf 90' lang='lat' dir='ltr'>verbis</span> <span class='ocrx_word' id='word_1_101' title='bbox 542 2219 561 2262; x_wconf 91' lang='lat' dir='ltr'>a</span> <span class='ocrx_word' id='word_1_102' title='bbox 590 2203 666 2262; x_wconf 84' lang='lat' dir='ltr'>foro</span> <span class='ocrx_word' id='word_1_103' title='bbox 690 2203 870 2276; x_wconf 86' lang='lat' dir='ltr'>desumptis</span> <span class='ocrx_word' id='word_1_104' title='bbox 900 2204 965 2276; x_wconf 89' lang='lat' dir='ltr'>uti;</span> <span class='ocrx_word' id='word_1_105' title='bbox 998 2204 1113 2278; x_wconf 89' lang='lat' dir='ltr'>quippe</span> <span class='ocrx_word' id='word_1_106' title='bbox 1144 2203 1198 2276; x_wconf 89' lang='lat' dir='ltr'>qui</span> <span class='ocrx_word' id='word_1_107' title='bbox 1228 2203 1261 2261; x_wconf 93' lang='lat' dir='ltr'>in</span> <span class='ocrx_word' id='word_1_108' title='bbox 1291 2201 1369 2261; x_wconf 93' lang='lat' dir='ltr'>urbe</span> <span class='ocrx_word' id='word_1_109' title='bbox 1396 2200 1441 2259; x_wconf 91' lang='lat' dir='ltr'>nil</span> 
     </span>
     <span class='ocr_line' id='line_1_15' title="bbox 271 2315 1441 2390; baseline 0 -17"><span class='ocrx_word' id='word_1_110' title='bbox 271 2315 377 2387; x_wconf 91' lang='lat' dir='ltr'>magis</span> <span class='ocrx_word' id='word_1_111' title='bbox 411 2318 556 2375; x_wconf 87' lang='lat' dir='ltr'>metuere</span> <span class='ocrx_word' id='word_1_112' title='bbox 590 2317 694 2376; x_wconf 90' lang='lat' dir='ltr'>soleat</span> <span class='ocrx_word' id='word_1_113' title='bbox 724 2332 822 2390; x_wconf 88' lang='lat' dir='ltr'>quam</span> <span class='ocrx_word' id='word_1_114' title='bbox 853 2316 1033 2376; x_wconf 86' lang='lat' dir='ltr'>calumnias</span> <span class='ocrx_word' id='word_1_115' title='bbox 1064 2319 1097 2376; x_wconf 95' lang='lat' dir='ltr'>et</span> <span class='ocrx_word' id='word_1_116' title='bbox 1128 2315 1441 2389; x_wconf 88' lang='lat' dir='ltr'>circumscriptiones</span> 
     </span>
     <span class='ocr_line' id='line_1_16' title="bbox 270 2429 824 2491; baseline 0.007 -5"><span class='ocrx_word' id='word_1_117' title='bbox 270 2429 441 2488; x_wconf 91' lang='lat' dir='ltr'>hominum</span> <span class='ocrx_word' id='word_1_118' title='bbox 465 2431 498 2489; x_wconf 92' lang='lat' dir='ltr'>in</span> <span class='ocrx_word' id='word_1_119' title='bbox 520 2431 588 2490; x_wconf 84' lang='lat' dir='ltr'>foro</span> <span class='ocrx_word' id='word_1_120' title='bbox 611 2432 824 2491; x_wconf 87' lang='lat' dir='ltr'>versatorum.</span> 
     </span>
    </p>

    <p class='ocr_par' dir='ltr' id='par_1_7' title="bbox 270 2545 1470 3881">
     <span class='ocr_line' id='line_1_17' title="bbox 315 2545 1439 2622; baseline 0 -19"><span class='ocrx_word' id='word_1_121' title='bbox 315 2545 459 2604; x_wconf 77' lang='lat' dir='ltr'>Tandem</span> <span class='ocrx_word' id='word_1_122' title='bbox 489 2546 577 2605; x_wconf 89' lang='lat' dir='ltr'>intus</span> <span class='ocrx_word' id='word_1_123' title='bbox 609 2562 646 2606; x_wconf 94' lang='lat' dir='ltr'>eo</span> <span class='ocrx_word' id='word_1_124' title='bbox 676 2547 837 2606; x_wconf 90' lang='lat' dir='ltr'>clamante</span> <span class='ocrx_word' id='word_1_125' title='bbox 865 2547 968 2617; x_wconf 84' lang='lat' dir='ltr'>(b30):</span> <span class='ocrx_word' id='word_1_126' title='bbox 996 2547 1106 2622; x_wconf 73' lang='lat' dir='ltr'>„heus</span> <span class='ocrx_word' id='word_1_127' title='bbox 1130 2547 1220 2621; x_wconf 87' lang='lat' dir='ltr'>heus,</span> <span class='ocrx_word' id='word_1_128' title='bbox 1246 2546 1355 2618; x_wconf 91' lang='lat' dir='ltr'>ecquis</span> <span class='ocrx_word' id='word_1_129' title='bbox 1378 2545 1439 2619; x_wconf 90' lang='lat' dir='ltr'>hic,</span> 
     </span>
     <span class='ocr_line' id='line_1_18' title="bbox 271 2659 1441 2738; baseline -0.001 -19"><span class='ocrx_word' id='word_1_130' title='bbox 271 2676 329 2734; x_wconf 89' lang='lat' dir='ltr'>ego</span> <span class='ocrx_word' id='word_1_131' title='bbox 360 2676 434 2719; x_wconf 89' lang='lat' dir='ltr'>sum</span> <span class='ocrx_word' id='word_1_132' title='bbox 466 2659 652 2738; x_wconf 79' lang='lat' dir='ltr'>Chremes,&#39;&#39;</span> <span class='ocrx_word' id='word_1_133' title='bbox 684 2663 789 2736; x_wconf 89' lang='lat' dir='ltr'>prodit</span> <span class='ocrx_word' id='word_1_134' title='bbox 812 2662 947 2736; x_wconf 83' lang='lat' dir='ltr'>Pythias</span> <span class='ocrx_word' id='word_1_135' title='bbox 978 2662 1103 2721; x_wconf 88' lang='lat' dir='ltr'>ancilla.</span> <span class='ocrx_word' id='word_1_136' title='bbox 1135 2661 1257 2721; x_wconf 90' lang='lat' dir='ltr'>Blande</span> <span class='ocrx_word' id='word_1_137' title='bbox 1269 2660 1441 2734; x_wconf 89' lang='lat' dir='ltr'>alloquitur</span> 
     </span>
     <span class='ocr_line' id='line_1_19' title="bbox 270 2774 1440 2850; baseline -0.002 -16"><span class='ocrx_word' id='word_1_138' title='bbox 270 2776 525 2850; x_wconf 89' lang='lat' dir='ltr'>adolescentem;</span> <span class='ocrx_word' id='word_1_139' title='bbox 550 2777 687 2836; x_wconf 89' lang='lat' dir='ltr'>retinere</span> <span class='ocrx_word' id='word_1_140' title='bbox 711 2792 786 2836; x_wconf 89' lang='lat' dir='ltr'>eum</span> <span class='ocrx_word' id='word_1_141' title='bbox 810 2779 959 2850; x_wconf 89' lang='lat' dir='ltr'>conatur;</span> <span class='ocrx_word' id='word_1_142' title='bbox 985 2778 1021 2835; x_wconf 91' lang='lat' dir='ltr'>ut</span> <span class='ocrx_word' id='word_1_143' title='bbox 1045 2791 1115 2836; x_wconf 87' lang='lat' dir='ltr'>cras</span> <span class='ocrx_word' id='word_1_144' title='bbox 1139 2776 1249 2835; x_wconf 89' lang='lat' dir='ltr'>redeat</span> <span class='ocrx_word' id='word_1_145' title='bbox 1272 2776 1373 2848; x_wconf 89' lang='lat' dir='ltr'>rogat.</span> <span class='ocrx_word' id='word_1_146' title='bbox 1397 2774 1440 2832; x_wconf 87' lang='lat' dir='ltr'>At</span> 
     </span>
     <span class='ocr_line' id='line_1_20' title="bbox 270 2888 1439 2964; baseline -0.001 -17"><span class='ocrx_word' id='word_1_147' title='bbox 270 2889 490 2963; x_wconf 88' lang='lat' dir='ltr'>suspicionum</span> <span class='ocrx_word' id='word_1_148' title='bbox 514 2891 628 2964; x_wconf 89' lang='lat' dir='ltr'>plenus</span> <span class='ocrx_word' id='word_1_149' title='bbox 651 2890 705 2950; x_wconf 93' lang='lat' dir='ltr'>ille</span> <span class='ocrx_word' id='word_1_150' title='bbox 728 2891 839 2964; x_wconf 89' lang='lat' dir='ltr'>paucis</span> <span class='ocrx_word' id='word_1_151' title='bbox 863 2890 997 2964; x_wconf 85' lang='lat' dir='ltr'>syllabis</span> <span class='ocrx_word' id='word_1_152' title='bbox 1021 2906 1118 2964; x_wconf 91' lang='lat' dir='ltr'>quam</span> <span class='ocrx_word' id='word_1_153' title='bbox 1142 2890 1284 2964; x_wconf 90' lang='lat' dir='ltr'>primum</span> <span class='ocrx_word' id='word_1_154' title='bbox 1305 2888 1439 2948; x_wconf 91' lang='lat' dir='ltr'>abeundi</span> 
     </span>
     <span class='ocr_line' id='line_1_21' title="bbox 271 3004 1439 3080; baseline -0.003 -16"><span class='ocrx_word' id='word_1_155' title='bbox 271 3005 331 3064; x_wconf 89' lang='lat' dir='ltr'>sibi</span> <span class='ocrx_word' id='word_1_156' title='bbox 352 3007 476 3064; x_wconf 88' lang='lat' dir='ltr'>certum</span> <span class='ocrx_word' id='word_1_157' title='bbox 496 3006 583 3064; x_wconf 87' lang='lat' dir='ltr'>stare</span> <span class='ocrx_word' id='word_1_158' title='bbox 604 3005 774 3064; x_wconf 89' lang='lat' dir='ltr'>consilium</span> <span class='ocrx_word' id='word_1_159' title='bbox 795 3005 946 3065; x_wconf 87' lang='lat' dir='ltr'>declarat.</span> <span class='ocrx_word' id='word_1_160' title='bbox 968 3004 1048 3080; x_wconf 82' lang='lat' dir='ltr'>Quid</span> <span class='ocrx_word' id='word_1_161' title='bbox 1068 3006 1178 3064; x_wconf 89' lang='lat' dir='ltr'>autem</span> <span class='ocrx_word' id='word_1_162' title='bbox 1194 3004 1331 3065; x_wconf 85' lang='lat' dir='ltr'>facetius</span> <span class='ocrx_word' id='word_1_163' title='bbox 1343 3014 1439 3076; x_wconf 86' lang='lat' dir='ltr'>quam</span> 
     </span>
     <span class='ocr_line' id='line_1_22' title="bbox 270 3118 1439 3195; baseline -0.001 -17"><span class='ocrx_word' id='word_1_164' title='bbox 270 3120 472 3179; x_wconf 89' lang='lat' dir='ltr'>rusticanum</span> <span class='ocrx_word' id='word_1_165' title='bbox 515 3121 762 3195; x_wconf 86' lang='lat' dir='ltr'>adolescentem,</span> <span class='ocrx_word' id='word_1_166' title='bbox 806 3120 921 3180; x_wconf 92' lang='lat' dir='ltr'>blande</span> <span class='ocrx_word' id='word_1_167' title='bbox 964 3136 1039 3180; x_wconf 91' lang='lat' dir='ltr'>eum</span> <span class='ocrx_word' id='word_1_168' title='bbox 1082 3120 1244 3179; x_wconf 90' lang='lat' dir='ltr'>salutante</span> <span class='ocrx_word' id='word_1_169' title='bbox 1284 3118 1439 3193; x_wconf 88' lang='lat' dir='ltr'>Pythiade</span> 
     </span>
     <span class='ocr_line' id='line_1_23' title="bbox 270 3234 1470 3314; baseline -0.001 -21"><span class='ocrx_word' id='word_1_170' title='bbox 270 3235 394 3294; x_wconf 86' lang='lat' dir='ltr'>verbis:</span> <span class='ocrx_word' id='word_1_171' title='bbox 418 3251 455 3309; x_wconf 84' lang='lat' dir='ltr'>„o</span> <span class='ocrx_word' id='word_1_172' title='bbox 476 3234 653 3308; x_wconf 89' lang='lat' dir='ltr'>capitulum</span> <span class='ocrx_word' id='word_1_173' title='bbox 673 3234 943 3311; x_wconf 86' lang='lat' dir='ltr'>lepidissimum,’&#39;</span> <span class='ocrx_word' id='word_1_174' title='bbox 960 3236 1074 3294; x_wconf 88' lang='lat' dir='ltr'>statim</span> <span class='ocrx_word' id='word_1_175' title='bbox 1094 3250 1206 3294; x_wconf 91' lang='lat' dir='ltr'>secum</span> <span class='ocrx_word' id='word_1_176' title='bbox 1225 3235 1328 3308; x_wconf 91' lang='lat' dir='ltr'>loqui:</span> <span class='ocrx_word' id='word_1_177' title='bbox 1342 3234 1439 3309; x_wconf 84' lang='lat' dir='ltr'>&#39;„dioo</span> <span class='ocrx_word' id='word_1_178' title='bbox 1468 3307 1470 3314; x_wconf 28' lang='grc' dir='ltr'>Ι</span> 
     </span>
     <span class='ocr_line' id='line_1_24' title="bbox 271 3348 1440 3424; baseline 0 -17"><span class='ocrx_word' id='word_1_179' title='bbox 271 3364 329 3422; x_wconf 89' lang='lat' dir='ltr'>ego</span> <span class='ocrx_word' id='word_1_180' title='bbox 364 3349 411 3408; x_wconf 91' lang='lat' dir='ltr'>mi</span> <span class='ocrx_word' id='word_1_181' title='bbox 445 3349 579 3408; x_wconf 90' lang='lat' dir='ltr'>insidias</span> <span class='ocrx_word' id='word_1_182' title='bbox 613 3348 726 3408; x_wconf 88' lang='lat' dir='ltr'>fieri?”</span> <span class='ocrx_word' id='word_1_183' title='bbox 763 3349 920 3424; x_wconf 77' lang='lat' dir='ltr'>Quidquid</span> <span class='ocrx_word' id='word_1_184' title='bbox 958 3349 1093 3423; x_wconf 89' lang='lat' dir='ltr'>Pythias</span> <span class='ocrx_word' id='word_1_185' title='bbox 1127 3349 1166 3408; x_wconf 86' lang='lat' dir='ltr'>ab</span> <span class='ocrx_word' id='word_1_186' title='bbox 1198 3363 1235 3407; x_wconf 93' lang='lat' dir='ltr'>eo</span> <span class='ocrx_word' id='word_1_187' title='bbox 1266 3349 1356 3424; x_wconf 83' lang='lat' dir='ltr'>pet&#39;t,</span> <span class='ocrx_word' id='word_1_188' title='bbox 1388 3349 1440 3407; x_wconf 90' lang='lat' dir='ltr'>ille</span> 
     </span>
     <span class='ocr_line' id='line_1_25' title="bbox 271 3461 1439 3538; baseline 0.002 -17"><span class='ocrx_word' id='word_1_189' title='bbox 271 3465 384 3537; x_wconf 89' lang='lat' dir='ltr'>negat;</span> <span class='ocrx_word' id='word_1_190' title='bbox 405 3463 546 3537; x_wconf 89' lang='lat' dir='ltr'>tandem,</span> <span class='ocrx_word' id='word_1_191' title='bbox 568 3463 623 3522; x_wconf 92' lang='lat' dir='ltr'>ubi</span> <span class='ocrx_word' id='word_1_192' title='bbox 642 3463 698 3522; x_wconf 91' lang='lat' dir='ltr'>illa</span> <span class='ocrx_word' id='word_1_193' title='bbox 717 3463 843 3536; x_wconf 87' lang='lat' dir='ltr'>rogavit</span> <span class='ocrx_word' id='word_1_194' title='bbox 863 3467 921 3532; x_wconf 88' lang='lat' dir='ltr'>(vs.</span> <span class='ocrx_word' id='word_1_195' title='bbox 943 3464 1036 3533; x_wconf 78' lang='lat' dir='ltr'>53bl:</span> <span class='ocrx_word' id='word_1_196' title='bbox 1056 3463 1168 3538; x_wconf 60' lang='lat' dir='ltr'>„Quom</span> <span class='ocrx_word' id='word_1_197' title='bbox 1183 3463 1230 3522; x_wconf 91' lang='lat' dir='ltr'>mi</span> <span class='ocrx_word' id='word_1_198' title='bbox 1242 3461 1396 3523; x_wconf 80' lang='lat' dir='ltr'>Chremes</span> <span class='ocrx_word' id='word_1_199' title='bbox 1404 3464 1439 3522; x_wconf 87' lang='lat'>?”</span> 
     </span>
     <span class='ocr_line' id='line_1_26' title="bbox 271 3577 1442 3652; baseline -0.003 -15"><span class='ocrx_word' id='word_1_200' title='bbox 271 3577 435 3637; x_wconf 83' lang='lat' dir='ltr'>exclamat</span> <span class='ocrx_word' id='word_1_201' title='bbox 457 3577 599 3651; x_wconf 86' lang='lat' dir='ltr'>„malam</span> <span class='ocrx_word' id='word_1_202' title='bbox 619 3592 688 3636; x_wconf 87' lang='lat' dir='ltr'>rem</span> <span class='ocrx_word' id='word_1_203' title='bbox 708 3577 783 3636; x_wconf 91' lang='lat' dir='ltr'>hinc</span> <span class='ocrx_word' id='word_1_204' title='bbox 802 3577 896 3636; x_wconf 91' lang='lat' dir='ltr'>ibis.’&#39;</span> <span class='ocrx_word' id='word_1_205' title='bbox 917 3577 1050 3650; x_wconf 86' lang='lat' dir='ltr'>Egregie</span> <span class='ocrx_word' id='word_1_206' title='bbox 1070 3577 1266 3636; x_wconf 84' lang='lat' dir='ltr'>Scholiasta:</span> <span class='ocrx_word' id='word_1_207' title='bbox 1291 3578 1442 3652; x_wconf 78' lang='lat' dir='ltr'>„apparet</span> 
     </span>
     <span class='ocr_line' id='line_1_27' title="bbox 270 3679 1442 3766; baseline 0 -18"><span class='ocrx_word' id='word_1_208' title='bbox 270 3679 363 3749; x_wconf 87' lang='lat' dir='ltr'>illum</span> <span class='ocrx_word' id='word_1_209' title='bbox 387 3706 488 3749; x_wconf 91' lang='lat' dir='ltr'>manu</span> <span class='ocrx_word' id='word_1_210' title='bbox 511 3692 636 3749; x_wconf 89' lang='lat' dir='ltr'>tactum</span> <span class='ocrx_word' id='word_1_211' title='bbox 660 3706 742 3766; x_wconf 83' lang='lat' dir='ltr'>esse,</span> <span class='ocrx_word' id='word_1_212' title='bbox 768 3691 822 3763; x_wconf 92' lang='lat' dir='ltr'>qui</span> <span class='ocrx_word' id='word_1_213' title='bbox 844 3691 891 3749; x_wconf 88' lang='lat' dir='ltr'>sic</span> <span class='ocrx_word' id='word_1_214' title='bbox 915 3691 1095 3750; x_wconf 87' lang='lat' dir='ltr'>irascitur.”</span> <span class='ocrx_word' id='word_1_215' title='bbox 1120 3691 1288 3751; x_wconf 87' lang='lat' dir='ltr'>Postremo</span> <span class='ocrx_word' id='word_1_216' title='bbox 1307 3691 1442 3764; x_wconf 84' lang='lat' dir='ltr'>Pythias</span> 
     </span>
     <span class='ocr_line' id='line_1_28' title="bbox 272 3806 1440 3881; baseline -0.003 -15"><span class='ocrx_word' id='word_1_217' title='bbox 272 3808 376 3876; x_wconf 81' lang='lat'>(537):</span> <span class='ocrx_word' id='word_1_218' title='bbox 400 3807 535 3881; x_wconf 83' lang='lat' dir='ltr'>„amabo</span> <span class='ocrx_word' id='word_1_219' title='bbox 555 3808 592 3865; x_wconf 91' lang='lat' dir='ltr'>ut</span> <span class='ocrx_word' id='word_1_220' title='bbox 611 3807 687 3866; x_wconf 91' lang='lat' dir='ltr'>illuc</span> <span class='ocrx_word' id='word_1_221' title='bbox 705 3808 853 3866; x_wconf 91' lang='lat' dir='ltr'>transeas</span> <span class='ocrx_word' id='word_1_222' title='bbox 873 3807 928 3865; x_wconf 91' lang='lat' dir='ltr'>ubi</span> <span class='ocrx_word' id='word_1_223' title='bbox 947 3806 1003 3865; x_wconf 90' lang='lat' dir='ltr'>illa</span> <span class='ocrx_word' id='word_1_224' title='bbox 1022 3807 1104 3866; x_wconf 86' lang='lat' dir='ltr'>est.”</span> <span class='ocrx_word' id='word_1_225' title='bbox 1125 3807 1223 3866; x_wconf 89' lang='lat' dir='ltr'>Recte</span> <span class='ocrx_word' id='word_1_226' title='bbox 1244 3807 1440 3865; x_wconf 82' lang='lat' dir='ltr'>Scholiasta:</span> 
     </span>
    </p>
   </div>
   <div class='ocr_carea' id='block_1_5' title="bbox 270 4033 1443 4570">
    <p class='ocr_par' dir='ltr' id='par_1_8' title="bbox 270 4033 1443 4331">
     <span class='ocr_line' id='line_1_29' title="bbox 300 4033 1442 4092; baseline -0.001 -13"><span class='ocrx_word' id='word_1_227' title='bbox 300 4035 316 4088; x_wconf 78' lang='grc'>1)</span> <span class='ocrx_word' id='word_1_228' title='bbox 331 4033 364 4080; x_wconf 83' lang='lat' dir='ltr'>Of.</span> <span class='ocrx_word' id='word_1_229' title='bbox 378 4034 475 4081; x_wconf 85' lang='lat' dir='ltr'>Andria</span> <span class='ocrx_word' id='word_1_230' title='bbox 488 4037 534 4080; x_wconf 82' lang='grc'>191.</span> <span class='ocrx_word' id='word_1_231' title='bbox 549 4037 629 4081; x_wconf 82' lang='lat' dir='ltr'>Senex</span> <span class='ocrx_word' id='word_1_232' title='bbox 643 4035 742 4080; x_wconf 83' lang='lat' dir='ltr'>Davum</span> <span class='ocrx_word' id='word_1_233' title='bbox 754 4035 939 4092; x_wconf 84' lang='lat' dir='ltr'>perterritorus,</span> <span class='ocrx_word' id='word_1_234' title='bbox 951 4047 983 4080; x_wconf 91' lang='lat' dir='ltr'>ne</span> <span class='ocrx_word' id='word_1_235' title='bbox 996 4034 1055 4088; x_wconf 88' lang='lat' dir='ltr'>quid</span> <span class='ocrx_word' id='word_1_236' title='bbox 1066 4034 1187 4080; x_wconf 82' lang='lat' dir='ltr'>moliatur</span> <span class='ocrx_word' id='word_1_237' title='bbox 1194 4037 1281 4081; x_wconf 83' lang='lat' dir='ltr'>contra</span> <span class='ocrx_word' id='word_1_238' title='bbox 1287 4034 1333 4079; x_wconf 82' lang='lat' dir='ltr'>filil</span> <span class='ocrx_word' id='word_1_239' title='bbox 1340 4035 1442 4088; x_wconf 86' lang='lat' dir='ltr'>nuptias</span> 
     </span>
     <span class='ocr_line' id='line_1_30' title="bbox 271 4114 1443 4172; baseline 0.001 -11"><span class='ocrx_word' id='word_1_240' title='bbox 271 4127 287 4161; x_wconf 86' lang='lat' dir='ltr'>a</span> <span class='ocrx_word' id='word_1_241' title='bbox 306 4127 334 4160; x_wconf 86' lang='lat' dir='ltr'>se</span> <span class='ocrx_word' id='word_1_242' title='bbox 353 4116 471 4172; x_wconf 84' lang='lat' dir='ltr'>decretas,</span> <span class='ocrx_word' id='word_1_243' title='bbox 489 4116 572 4170; x_wconf 88' lang='lat' dir='ltr'>longis</span> <span class='ocrx_word' id='word_1_244' title='bbox 588 4117 670 4161; x_wconf 87' lang='lat' dir='ltr'>utitur</span> <span class='ocrx_word' id='word_1_245' title='bbox 683 4115 838 4171; x_wconf 82' lang='lat' dir='ltr'>ambagibus.</span> <span class='ocrx_word' id='word_1_246' title='bbox 852 4115 961 4160; x_wconf 75' lang='lat' dir='ltr'>Tandem</span> <span class='ocrx_word' id='word_1_247' title='bbox 976 4126 1076 4160; x_wconf 85' lang='lat' dir='ltr'>servus:</span> <span class='ocrx_word' id='word_1_248' title='bbox 1091 4115 1157 4170; x_wconf 84' lang='lat' dir='ltr'>„Hoc</span> <span class='ocrx_word' id='word_1_249' title='bbox 1172 4114 1231 4168; x_wconf 88' lang='lat' dir='ltr'>quid</span> <span class='ocrx_word' id='word_1_250' title='bbox 1245 4115 1293 4160; x_wconf 78' lang='lat' dir='ltr'>sit&#39;</span> <span class='ocrx_word' id='word_1_251' title='bbox 1307 4116 1380 4168; x_wconf 81' lang='lat' dir='ltr'>rogat</span> <span class='ocrx_word' id='word_1_252' title='bbox 1393 4126 1443 4162; x_wconf 86' lang='lat' dir='ltr'>non</span> 
     </span>
     <span class='ocr_line' id='line_1_31' title="bbox 270 4193 1442 4252; baseline 0 -12"><span class='ocrx_word' id='word_1_253' title='bbox 270 4196 366 4252; x_wconf 83' lang='lat' dir='ltr'>herum,</span> <span class='ocrx_word' id='word_1_254' title='bbox 388 4196 418 4240; x_wconf 91' lang='lat' dir='ltr'>ut</span> <span class='ocrx_word' id='word_1_255' title='bbox 431 4195 524 4251; x_wconf 89' lang='lat' dir='ltr'>opinor,</span> <span class='ocrx_word' id='word_1_256' title='bbox 540 4196 583 4240; x_wconf 89' lang='lat' dir='ltr'>sed</span> <span class='ocrx_word' id='word_1_257' title='bbox 597 4196 758 4249; x_wconf 82' lang='lat' dir='ltr'>spectatores.</span> <span class='ocrx_word' id='word_1_258' title='bbox 773 4195 883 4239; x_wconf 80' lang='lat' dir='ltr'>colorem</span> <span class='ocrx_word' id='word_1_259' title='bbox 898 4194 1031 4239; x_wconf 86' lang='lat' dir='ltr'>verborum</span> <span class='ocrx_word' id='word_1_260' title='bbox 1046 4195 1140 4248; x_wconf 86' lang='lat' dir='ltr'>optime</span> <span class='ocrx_word' id='word_1_261' title='bbox 1153 4194 1241 4239; x_wconf 87' lang='lat' dir='ltr'>reddes</span> <span class='ocrx_word' id='word_1_262' title='bbox 1255 4194 1303 4238; x_wconf 85' lang='lat' dir='ltr'>hac</span> <span class='ocrx_word' id='word_1_263' title='bbox 1317 4193 1442 4240; x_wconf 85' lang='lat' dir='ltr'>versione:</span> 
     </span>
     <span class='ocr_line' id='line_1_32' title="bbox 272 4274 1162 4331; baseline -0.003 -11"><span class='ocrx_word' id='word_1_264' title='bbox 272 4277 324 4331; x_wconf 82' lang='lat' dir='ltr'>„Nu</span> <span class='ocrx_word' id='word_1_265' title='bbox 338 4287 385 4321; x_wconf 83' lang='lat' dir='ltr'>zon</span> <span class='ocrx_word' id='word_1_266' title='bbox 397 4275 425 4320; x_wconf 91' lang='lat' dir='ltr'>ik</span> <span class='ocrx_word' id='word_1_267' title='bbox 444 4276 503 4321; x_wconf 91' lang='lat' dir='ltr'>toch</span> <span class='ocrx_word' id='word_1_268' title='bbox 515 4277 564 4321; x_wconf 85' lang='lat' dir='ltr'>wel</span> <span class='ocrx_word' id='word_1_269' title='bbox 578 4287 637 4321; x_wconf 90' lang='lat' dir='ltr'>eens</span> <span class='ocrx_word' id='word_1_270' title='bbox 650 4276 735 4320; x_wconf 86' lang='lat' dir='ltr'>willon</span> <span class='ocrx_word' id='word_1_271' title='bbox 748 4285 842 4328; x_wconf 81' lang='lat' dir='ltr'>vragen</span> <span class='ocrx_word' id='word_1_272' title='bbox 856 4285 925 4319; x_wconf 83' lang='lat' dir='ltr'>waer</span> <span class='ocrx_word' id='word_1_273' title='bbox 939 4274 983 4318; x_wconf 85' lang='lat' dir='ltr'>dat</span> <span class='ocrx_word' id='word_1_274' title='bbox 995 4274 1060 4319; x_wconf 91' lang='lat' dir='ltr'>heen</span> <span class='ocrx_word' id='word_1_275' title='bbox 1074 4274 1162 4318; x_wconf 87' lang='lat' dir='ltr'>moet”</span> 
     </span>
    </p>

    <p class='ocr_par' dir='ltr' id='par_1_9' title="bbox 271 4351 1443 4570">
     <span class='ocr_line' id='line_1_33' title="bbox 299 4351 1440 4410; baseline -0.002 -12"><span class='ocrx_word' id='word_1_276' title='bbox 299 4357 316 4408; x_wconf 76' lang='lat'>²)</span> <span class='ocrx_word' id='word_1_277' title='bbox 337 4355 371 4398; x_wconf 82' lang='lat' dir='ltr'>Gt.</span> <span class='ocrx_word' id='word_1_278' title='bbox 393 4354 424 4398; x_wconf 86' lang='lat' dir='ltr'>ad</span> <span class='ocrx_word' id='word_1_279' title='bbox 444 4355 521 4400; x_wconf 89' lang='lat' dir='ltr'>Andr.</span> <span class='ocrx_word' id='word_1_280' title='bbox 542 4355 584 4410; x_wconf 45' lang='grc' dir='ltr'>Νη</span> <span class='ocrx_word' id='word_1_281' title='bbox 604 4356 624 4409; x_wconf 88' lang='grc'>3,</span> <span class='ocrx_word' id='word_1_282' title='bbox 644 4355 681 4398; x_wconf 89' lang='lat'>18:</span> <span class='ocrx_word' id='word_1_283' title='bbox 703 4354 914 4409; x_wconf 84' lang='lat' dir='ltr'>„Intenderam</span> <span class='ocrx_word' id='word_1_284' title='bbox 935 4354 1040 4398; x_wconf 88' lang='lat' dir='ltr'>verbum</span> <span class='ocrx_word' id='word_1_285' title='bbox 1061 4364 1076 4398; x_wconf 81' lang='lat' dir='ltr'>a</span> <span class='ocrx_word' id='word_1_286' title='bbox 1098 4352 1261 4397; x_wconf 83' lang='lat' dir='ltr'>venatoribus</span> <span class='ocrx_word' id='word_1_287' title='bbox 1278 4351 1440 4407; x_wconf 84' lang='lat' dir='ltr'>translatum,</span> 
     </span>
     <span class='ocr_line' id='line_1_34' title="bbox 272 4429 1443 4488; baseline -0.003 -10"><span class='ocrx_word' id='word_1_288' title='bbox 272 4434 314 4488; x_wconf 88' lang='lat' dir='ltr'>qui</span> <span class='ocrx_word' id='word_1_289' title='bbox 335 4433 401 4478; x_wconf 87' lang='lat' dir='ltr'>retia</span> <span class='ocrx_word' id='word_1_290' title='bbox 421 4433 556 4479; x_wconf 87' lang='lat' dir='ltr'>intendunt</span> <span class='ocrx_word' id='word_1_291' title='bbox 577 4434 608 4478; x_wconf 87' lang='lat' dir='ltr'>ad</span> <span class='ocrx_word' id='word_1_292' title='bbox 629 4433 695 4478; x_wconf 83' lang='lat' dir='ltr'>feras</span> <span class='ocrx_word' id='word_1_293' title='bbox 717 4433 856 4486; x_wconf 82' lang='lat' dir='ltr'>capiendas.</span> <span class='ocrx_word' id='word_1_294' title='bbox 877 4432 939 4488; x_wconf 76' lang='lat' dir='ltr'>Quia</span> <span class='ocrx_word' id='word_1_295' title='bbox 959 4443 1017 4486; x_wconf 86' lang='lat' dir='ltr'>ergo</span> <span class='ocrx_word' id='word_1_296' title='bbox 1038 4432 1112 4486; x_wconf 82' lang='lat' dir='ltr'>parat</span> <span class='ocrx_word' id='word_1_297' title='bbox 1132 4431 1262 4476; x_wconf 81' lang='lat' dir='ltr'>Chremem</span> <span class='ocrx_word' id='word_1_298' title='bbox 1277 4433 1303 4475; x_wconf 89' lang='lat' dir='ltr'>et</span> <span class='ocrx_word' id='word_1_299' title='bbox 1316 4429 1443 4478; x_wconf 77' lang='lat' dir='ltr'>SImonem</span> 
     </span>
     <span class='ocr_line' id='line_1_35' title="bbox 271 4511 1045 4570; baseline 0.003 -13"><span class='ocrx_word' id='word_1_300' title='bbox 271 4512 364 4568; x_wconf 84' lang='lat' dir='ltr'>fallere,</span> <span class='ocrx_word' id='word_1_301' title='bbox 378 4512 575 4560; x_wconf 83' lang='lat' dir='ltr'>intenderam</span> <span class='ocrx_word' id='word_1_302' title='bbox 589 4513 661 4560; x_wconf 80' lang='lat' dir='ltr'>dixit.</span> <span class='ocrx_word' id='word_1_303' title='bbox 675 4512 716 4559; x_wconf 88' lang='lat' dir='ltr'>vel</span> <span class='ocrx_word' id='word_1_304' title='bbox 730 4522 746 4556; x_wconf 83' lang='lat' dir='ltr'>a</span> <span class='ocrx_word' id='word_1_305' title='bbox 759 4511 862 4570; x_wconf 83' lang='lat' dir='ltr'>sagittis</span> <span class='ocrx_word' id='word_1_306' title='bbox 877 4511 952 4568; x_wconf 86' lang='lat' dir='ltr'>atque</span> <span class='ocrx_word' id='word_1_307' title='bbox 966 4511 1045 4559; x_wconf 85' lang='lat' dir='ltr'>arcu.&#39;’</span> 
     </span>
    </p>
   </div>
   <div class='ocr_carea' id='block_1_6' title="bbox 0 0 1632 5268">
    <p class='ocr_par' dir='ltr' id='par_1_10' title="bbox 0 0 1632 5268">
     <span class='ocr_line' id='line_1_36' title="bbox 0 0 1632 5268; baseline 0 0"><span class='ocrx_word' id='word_1_308' title='bbox 0 0 1632 5268; x_wconf 95' lang='lat' dir='ltr'> </span> 
     </span>
    </p>
   </div>
  </div>
 </body>
</html>
