3254 5274
872 653 913 711 66

333 838 451 896 ¹Minus
476 841 563 898 certa
587 839 641 898 sed
666 841 778 898 tamen
802 839 1046 913 elegantissima
1064 839 1192 898 videtur
1211 836 1349 910 Bentleji
1370 852 1471 897 emen-

303 951 389 1010 datio
413 968 527 1011 versus
552 954 625 1028 826,
650 953 705 1012 ubi
729 952 827 1012 Thais
851 952 1012 1012 Chaereae
1036 953 1144 1012 audito
1168 952 1315 1011 nomine:

415 1065 495 1140 Quid
518 1068 546 1125 is
570 1066 701 1146 ebsecro
725 1067 765 1126 ad
788 1069 871 1126 nos?
895 1082 992 1140 quam
1016 1068 1055 1127 ob
1079 1083 1148 1126 rem
1172 1067 1369 1126 adductust?

303 1179 354 1238 Sic
378 1179 465 1238 enim
488 1180 614 1254 legitur.
640 1179 783 1240 Coniecit
805 1181 988 1254 Bentlejus:

392 1292 472 1367 Quid
495 1295 524 1352 is
547 1294 677 1354 obsecro
702 1295 741 1353 ad
765 1309 818 1352 me
842 1296 898 1353 aut
921 1309 1020 1368 quam
1044 1293 1083 1352 ob
1107 1309 1177 1353 rem
1201 1293 1397 1352 adductust?

347 1407 531 1480 Sequuntur
553 1412 664 1469 autem
687 1409 767 1468 haec
791 1409 1007 1478 (832-83m:

993 1522 1142 1596 dispudet

435 1634 487 1694 Sic
510 1634 591 1694 mihi
615 1637 690 1694 data
714 1637 915 1712 1111111111,
941 1637 1017 1710 quid
1041 1637 1116 1695 illuc
1139 1634 1281 1695 hominis
1305 1635 1379 1693 est?

336 1739 402 1822 Py.
435 1749 496 1807 Era
519 1765 593 1810 mea
616 1752 687 1809 tace
711 1751 782 1809 tace
806 1750 946 1826 obsecro,
971 1750 1082 1809 salvae
1105 1764 1237 1808 sumus:

433 1862 600 1922 Habemus
624 1864 790 1922 hominem
813 1865 930 1938 ipsum.
955 1863 1007 1923 ih.
1028 1864 1090 1923 Ubi
1111 1864 1139 1922 is
1159 1865 1233 1924 est?
1252 1863 1308 1922 Pb.
1329 1862 1414 1921 Hem
1434 1861 1473 1921 ad

1220 1977 1428 2047 [sinisteram.

345 2088 413 2146 Duo
448 2066 593 2148 suntin
628 2091 743 2162 quibus
777 2091 830 2150 hic
864 2092 1025 2150 haeream.
1062 2092 1209 2151 Primum
1240 2090 1338 2164 quid
1369 2090 1473 2149 illuc

300 2201 486 2260 hominis
517 2205 582 2262 est
613 2204 776 2263 exclamat
807 2205 905 2264 Thais
936 2206 1043 2265 subito
1071 2208 1241 2279 conspecto
1265 2203 1417 2279 Chaerea,
1443 2205 1474 2262 11

301 2329 356 2372 111
399 2316 561 2380 exclamet
596 2317 776 2377 Scholiasta
810 2319 936 2392 egregie
971 2319 1111 2394 explicat
1146 2319 1345 2378 annotando:
1384 2318 1473 2392 „Non

301 2430 447 2502 agnoscit
481 2430 566 2490 hunc
600 2432 766 2491 hominem
797 2433 963 2508 meretrix,
996 2434 1071 2507 quia
1102 2435 1163 2492 etsi
1194 2433 1298 2492 adhuc
1328 2431 1473 2490 Eunuchi

300 2545 391 2602 veste
422 2545 553 2603 indutus
584 2547 643 2621 est,
677 2548 823 2605 attamen
846 2548 937 2606 exuit
960 2548 1111 2621 spadonis
1135 2547 1308 2621 incessum,
1333 2546 1470 2618 vultum,

299 2658 509 2731 habitumque
544 2659 694 2735 mutavit,
731 2663 764 2718 11
793 2663 921 2733 praeter
950 2663 1078 2720 vestem
1109 2662 1198 2720 totus
1230 2661 1263 2718 in
1294 2659 1472 2719 Chaeream

298 2772 424 2830 rediit.”
450 2773 511 2830 Sed
533 2774 701 2846 poteratne
724 2772 780 2831 illa
800 2773 994 2832 exclamatio
1015 2775 1062 2833 sic
1081 2773 1346 2846 praecedentibus
1366 2773 1469 2846 adiici,

299 2887 387 2945 nulla
418 2887 608 2960 interposita
637 2887 752 2946 vocula
775 2903 838 2960 qua
860 2888 1018 2947 transitus
1041 2890 1232 2962 pararetur?
1255 2888 1376 2946 Deinde
1400 2887 1471 2960 quis

298 3000 387 3059 locus
423 3003 473 3059 est
508 3001 722 3060 interiectioni
756 3001 847 3059 hcm
882 3003 956 3060 ante
992 3017 1030 3060 ea
1059 3002 1157 3061 verba
1189 3002 1304 3076 quibus
1335 3001 1470 3074 Pythias

299 3117 530 3174 aduentantem
561 3114 737 3174 Chaeream
768 3117 939 3190 monstrat,
972 3116 1145 3191 submissa,
1177 3117 1214 3174 ut
1237 3116 1356 3189 opinor,
1382 3129 1468 3188 voce,

300 3229 415 3302 quippe
446 3244 527 3301 quae
558 3230 653 3288 modo
685 3229 797 3288 heram
829 3231 865 3288 ut
895 3231 1018 3288 taceret
1040 3229 1203 3288 monuerit
1227 3233 1284 3297 (vs.
1310 3230 1392 3287 834:
1418 3243 1471 3286 era

299 3357 373 3400 mea
414 3344 485 3401 tace
528 3344 693 3412 obsecrol?
736 3343 834 3416 Atqui
876 3343 967 3402 hem
1006 3343 1177 3402 clamantis
1213 3344 1263 3400 est
1298 3344 1330 3400 et
1364 3342 1471 3401 subita

297 3471 331 3512 re
361 3456 572 3515 vehementer
602 3456 740 3528 perculsi
763 3456 815 3514 vel
838 3456 1025 3530 perturbati.
1050 3455 1162 3515 Nonne
1186 3456 1311 3530 egregie
1334 3457 1469 3529 utraque

298 3568 469 3627 difficultas
495 3568 619 3628 tollitur
642 3570 671 3627 si
695 3569 780 3628 istud
804 3570 895 3628 hem
919 3586 936 3628 e
959 3585 1007 3629 vs.
1033 3570 1096 3628 835
1121 3569 1161 3628 ad
1185 3569 1248 3628 833
1273 3565 1469 3628 retrahimus

298 3687 331 3744 et
362 3685 436 3742 ante
464 3683 561 3757 quid
585 3682 690 3741 illuc
713 3683 898 3742 hominis
922 3684 986 3741 est
1010 3683 1184 3757 ponimus?
1206 3683 1291 3741 Nam
1314 3682 1468 3741 Thaidem

297 3799 352 3857 illa
382 3797 431 3856 111
462 3796 699 3855 exclamatione
729 3797 811 3855 miro
842 3797 1025 3870 perculsam
1048 3796 1231 3870 spectaculo
1256 3794 1467 3854 adolescentis

297 3913 426 3970 incessu
460 3911 598 3983 ingenuo
629 3910 785 3983 vultuque
816 3910 948 3985 liberali,
982 3910 1085 3969 induti
1117 3911 1228 3970 autem
1260 3907 1468 3968 abiectissimi

297 4025 450 4099 mancipii
483 4025 677 4084 vestimento
701 4024 795 4082 facile
818 4023 1040 4097 intelligimus.
1066 4024 1106 4083 Et
1128 4024 1317 4098 plerumque
1340 4022 1468 4096 quidem

297 4139 387 4197 hem
408 4138 511 4197 ictum
534 4138 647 4210 habet;
672 4153 736 4196 non
760 4137 876 4196 desunt
900 4139 1011 4196 tamen
1034 4137 1105 4212 loci,
1131 4137 1185 4196 ubi
1208 4135 1241 4195 in
1264 4136 1350 4194 thesi
1368 4135 1467 4194 latere

296 4253 452 4311 videatur.
479 4250 524 4310 Cf.
549 4267 597 4310 vs.
624 4252 706 4310 459:

423 4366 544 4424 Eamus
568 4380 642 4437 ergo
663 4365 702 4422 ad
727 4379 858 4423 cenam:
884 4364 958 4437 quid
982 4366 1075 4424 stas?
1098 4364 1183 4424 Hem
1207 4364 1356 4438 alterum,

297 4479 350 4538 ubi
382 4480 481 4538 etiam
506 4479 642 4537 eliditur.
670 4479 739 4553 „Ad
763 4478 971 4537 sinisteram’'
996 4480 1106 4538 autem
1129 4478 1264 4551 Pythias
1288 4476 1374 4550 dicit,
1399 4475 1465 4533 sive
