<?xml version="1.0" encoding="UTF-8"?>
<!DOCTYPE html PUBLIC "-//W3C//DTD XHTML 1.0 Transitional//EN"
    "http://www.w3.org/TR/xhtml1/DTD/xhtml1-transitional.dtd">
<html xmlns="http://www.w3.org/1999/xhtml" xml:lang="en" lang="en">
 <head>
  <title>
</title>
<meta http-equiv="Content-Type" content="text/html;charset=utf-8" />
  <meta name='ocr-system' content='tesseract 3.04.00' />
  <meta name='ocr-capabilities' content='ocr_page ocr_carea ocr_par ocr_line ocrx_word'/>
</head>
<body>
  <div class='ocr_page' id='page_1' title='image "./deterentioetdon00hartgoog_0036.png"; bbox 0 0 3254 5274; ppageno 0'>
   <div class='ocr_carea' id='block_1_1' title="bbox 729 684 767 742">
    <p class='ocr_par' dir='ltr' id='par_1_1' title="bbox 729 684 767 742">
     <span class='ocr_line' id='line_1_1' title="bbox 729 684 767 742; baseline -0.026 0"><span class='ocrx_word' id='word_1_1' title='bbox 729 684 767 742; x_wconf 82' lang='grc'><strong>21</strong></span> 
     </span>
    </p>
   </div>
   <div class='ocr_carea' id='block_1_2' title="bbox 177 863 1372 1384">
    <p class='ocr_par' dir='ltr' id='par_1_2' title="bbox 177 863 1372 1384">
     <span class='ocr_line' id='line_1_2' title="bbox 179 863 1353 946; baseline 0.009 -25"><span class='ocrx_word' id='word_1_2' title='bbox 179 877 292 923; x_wconf 89' lang='lat' dir='ltr'>amore</span> <span class='ocrx_word' id='word_1_3' title='bbox 315 863 410 939; x_wconf 91' lang='lat' dir='ltr'>plane</span> <span class='ocrx_word' id='word_1_4' title='bbox 430 868 652 945; x_wconf 87' lang='lat' dir='ltr'>immutatum,</span> <span class='ocrx_word' id='word_1_5' title='bbox 676 869 882 929; x_wconf 81' lang='lat' dir='ltr'><strong>Gnathonem</strong></span> <span class='ocrx_word' id='word_1_6' title='bbox 901 871 1082 944; x_wconf 78' lang='lat' dir='ltr'>parasitum</span> <span class='ocrx_word' id='word_1_7' title='bbox 1102 873 1353 946; x_wconf 88' lang='lat' dir='ltr'>appropinquan-</span> 
     </span>
     <span class='ocr_line' id='line_1_3' title="bbox 179 977 1372 1057; baseline 0.009 -23"><span class='ocrx_word' id='word_1_8' title='bbox 179 977 250 1034; x_wconf 93' lang='lat' dir='ltr'>tem</span> <span class='ocrx_word' id='word_1_9' title='bbox 284 978 381 1055; x_wconf 89' lang='lat' dir='ltr'>videt,</span> <span class='ocrx_word' id='word_1_10' title='bbox 417 981 472 1053; x_wconf 91' lang='lat' dir='ltr'>qui</span> <span class='ocrx_word' id='word_1_11' title='bbox 507 997 526 1040; x_wconf 90' lang='lat' dir='ltr'>a</span> <span class='ocrx_word' id='word_1_12' title='bbox 561 983 666 1042; x_wconf 85' lang='lat' dir='ltr'>milite</span> <span class='ocrx_word' id='word_1_13' title='bbox 702 983 831 1043; x_wconf 80' lang='lat' dir='ltr'>adducit</span> <span class='ocrx_word' id='word_1_14' title='bbox 861 984 1004 1057; x_wconf 85' lang='lat' dir='ltr'>puellam</span> <span class='ocrx_word' id='word_1_15' title='bbox 1035 985 1101 1044; x_wconf 92' lang='lat' dir='ltr'>iam</span> <span class='ocrx_word' id='word_1_16' title='bbox 1132 985 1245 1045; x_wconf 81' lang='lat' dir='ltr'>Thaidi</span> <span class='ocrx_word' id='word_1_17' title='bbox 1273 987 1372 1046; x_wconf 65' lang='lat' dir='ltr'>dono*</span> 
     </span>
     <span class='ocr_line' id='line_1_4' title="bbox 179 1089 1354 1174; baseline 0.009 -26"><span class='ocrx_word' id='word_1_18' title='bbox 179 1089 338 1164; x_wconf 90' lang='lat' dir='ltr'>dandam;</span> <span class='ocrx_word' id='word_1_19' title='bbox 370 1092 542 1154; x_wconf 74' lang='lat' dir='ltr'>honestam</span> <span class='ocrx_word' id='word_1_20' title='bbox 568 1097 638 1155; x_wconf 91' lang='lat' dir='ltr'>eius</span> <span class='ocrx_word' id='word_1_21' title='bbox 661 1097 778 1156; x_wconf 83' lang='lat' dir='ltr'>faciem</span> <span class='ocrx_word' id='word_1_22' title='bbox 801 1096 914 1157; x_wconf 89' lang='lat' dir='ltr'>laudat</span> <span class='ocrx_word' id='word_1_23' title='bbox 936 1098 1050 1174; x_wconf 79' lang='lat' dir='ltr'>tristia,</span> <span class='ocrx_word' id='word_1_24' title='bbox 1076 1113 1150 1157; x_wconf 90' lang='lat' dir='ltr'>cum</span> <span class='ocrx_word' id='word_1_25' title='bbox 1173 1100 1270 1173; x_wconf 87' lang='lat' dir='ltr'>probe</span> <span class='ocrx_word' id='word_1_26' title='bbox 1293 1101 1354 1159; x_wconf 91' lang='lat' dir='ltr'>sibi</span> 
     </span>
     <span class='ocr_line' id='line_1_5' title="bbox 178 1203 1356 1286; baseline 0.01 -26"><span class='ocrx_word' id='word_1_27' title='bbox 178 1203 224 1260; x_wconf 91' lang='lat' dir='ltr'>sit</span> <span class='ocrx_word' id='word_1_28' title='bbox 247 1205 396 1265; x_wconf 85' lang='lat' dir='ltr'>conscius</span> <span class='ocrx_word' id='word_1_29' title='bbox 415 1223 513 1280; x_wconf 89' lang='lat' dir='ltr'>quam</span> <span class='ocrx_word' id='word_1_30' title='bbox 532 1226 611 1283; x_wconf 88' lang='lat' dir='ltr'>prae</span> <span class='ocrx_word' id='word_1_31' title='bbox 632 1211 688 1270; x_wconf 88' lang='lat' dir='ltr'>illa</span> <span class='ocrx_word' id='word_1_32' title='bbox 710 1211 863 1270; x_wconf 83' lang='lat' dir='ltr'>sordeant</span> <span class='ocrx_word' id='word_1_33' title='bbox 883 1211 974 1286; x_wconf 89' lang='lat' dir='ltr'>dona,</span> <span class='ocrx_word' id='word_1_34' title='bbox 996 1226 1078 1284; x_wconf 90' lang='lat' dir='ltr'>quae</span> <span class='ocrx_word' id='word_1_35' title='bbox 1090 1211 1158 1286; x_wconf 89' lang='lat' dir='ltr'>ipse</span> <span class='ocrx_word' id='word_1_36' title='bbox 1171 1213 1222 1271; x_wconf 88' lang='lat' dir='ltr'>sui</span> <span class='ocrx_word' id='word_1_37' title='bbox 1234 1213 1356 1272; x_wconf 90' lang='lat' dir='ltr'>domini</span> 
     </span>
     <span class='ocr_line' id='line_1_6' title="bbox 177 1317 742 1384; baseline 0.018 -10"><span class='ocrx_word' id='word_1_38' title='bbox 177 1317 287 1376; x_wconf 85' lang='lat' dir='ltr'>verbis</span> <span class='ocrx_word' id='word_1_39' title='bbox 310 1318 445 1379; x_wconf 88' lang='lat' dir='ltr'>iamiam</span> <span class='ocrx_word' id='word_1_40' title='bbox 469 1321 513 1380; x_wconf 93' lang='lat' dir='ltr'>sit</span> <span class='ocrx_word' id='word_1_41' title='bbox 537 1322 742 1384; x_wconf 81' lang='lat' dir='ltr'>adducturus</span> 
     </span>
    </p>
   </div>
   <div class='ocr_carea' id='block_1_3' title="bbox 651 1589 886 1598">
    <p class='ocr_par' dir='ltr' id='par_1_3' title="bbox 651 1589 886 1598">
     <span class='ocr_line' id='line_1_7' title="bbox 651 1589 886 1598; baseline 0.009 -2"><span class='ocrx_word' id='word_1_42' title='bbox 651 1589 886 1598; x_wconf 82' lang='lat'>-—</span> 
     </span>
    </p>
   </div>
   <div class='ocr_carea' id='block_1_4' title="bbox 592 1789 946 1850">
    <p class='ocr_par' dir='ltr' id='par_1_4' title="bbox 592 1789 946 1850">
     <span class='ocr_line' id='line_1_8' title="bbox 592 1789 946 1850; baseline 0 -1"><span class='ocrx_word' id='word_1_43' title='bbox 592 1790 704 1849; x_wconf 78' lang='lat' dir='ltr'>Aenus</span> <span class='ocrx_word' id='word_1_44' title='bbox 729 1789 760 1849; x_wconf 97' lang='grc' dir='ltr'>ΙΙ</span> <span class='ocrx_word' id='word_1_45' title='bbox 784 1789 893 1850; x_wconf 71' lang='lat' dir='ltr'>Sonus</span> <span class='ocrx_word' id='word_1_46' title='bbox 918 1791 946 1849; x_wconf 88' lang='lat'>1.</span> 
     </span>
    </p>
   </div>
   <div class='ocr_carea' id='block_1_5' title="bbox 171 2001 1351 4108">
    <p class='ocr_par' dir='ltr' id='par_1_5' title="bbox 173 2001 1351 2403">
     <span class='ocr_line' id='line_1_9' title="bbox 221 2001 1351 2077; baseline 0.004 -18"><span class='ocrx_word' id='word_1_47' title='bbox 221 2001 388 2060; x_wconf 84' lang='lat' dir='ltr'>Accedens</span> <span class='ocrx_word' id='word_1_48' title='bbox 409 2001 536 2062; x_wconf 86' lang='lat' dir='ltr'>Gnatho</span> <span class='ocrx_word' id='word_1_49' title='bbox 556 2018 668 2062; x_wconf 90' lang='lat' dir='ltr'>secum</span> <span class='ocrx_word' id='word_1_50' title='bbox 687 2003 829 2076; x_wconf 90' lang='lat' dir='ltr'>loquitur</span> <span class='ocrx_word' id='word_1_51' title='bbox 848 2017 946 2075; x_wconf 88' lang='lat' dir='ltr'>seque</span> <span class='ocrx_word' id='word_1_52' title='bbox 958 2004 1128 2075; x_wconf 89' lang='lat' dir='ltr'>tamquam</span> <span class='ocrx_word' id='word_1_53' title='bbox 1141 2003 1221 2062; x_wconf 77' lang='lat' dir='ltr'>antis</span> <span class='ocrx_word' id='word_1_54' title='bbox 1232 2005 1351 2077; x_wconf 88' lang='lat' dir='ltr'>parasi-</span> 
     </span>
     <span class='ocr_line' id='line_1_10' title="bbox 175 2114 1351 2191; baseline 0.004 -20"><span class='ocrx_word' id='word_1_55' title='bbox 175 2114 263 2172; x_wconf 90' lang='lat' dir='ltr'>ticae</span> <span class='ocrx_word' id='word_1_56' title='bbox 287 2115 530 2175; x_wconf 90' lang='lat' dir='ltr'>emendatorem</span> <span class='ocrx_word' id='word_1_57' title='bbox 554 2116 703 2176; x_wconf 86' lang='lat' dir='ltr'>laudibus</span> <span class='ocrx_word' id='word_1_58' title='bbox 727 2116 829 2176; x_wconf 82' lang='lat' dir='ltr'>effert.</span> <span class='ocrx_word' id='word_1_59' title='bbox 857 2115 1023 2191; x_wconf 80' lang='lat' dir='ltr'>„Quanto”</span> <span class='ocrx_word' id='word_1_60' title='bbox 1048 2117 1095 2174; x_wconf 90' lang='lat' dir='ltr'>ait</span> <span class='ocrx_word' id='word_1_61' title='bbox 1120 2131 1198 2191; x_wconf 85' lang='lat' dir='ltr'>„ego</span> <span class='ocrx_word' id='word_1_62' title='bbox 1221 2119 1351 2191; x_wconf 88' lang='lat' dir='ltr'>praesto</span> 
     </span>
     <span class='ocr_line' id='line_1_11' title="bbox 174 2227 1351 2305; baseline 0.004 -20"><span class='ocrx_word' id='word_1_63' title='bbox 174 2227 309 2286; x_wconf 88' lang='lat' dir='ltr'>miseris</span> <span class='ocrx_word' id='word_1_64' title='bbox 340 2228 618 2305; x_wconf 85' lang='lat' dir='ltr'>homuncionibus,</span> <span class='ocrx_word' id='word_1_65' title='bbox 651 2229 706 2302; x_wconf 91' lang='lat' dir='ltr'>qui</span> <span class='ocrx_word' id='word_1_66' title='bbox 736 2228 827 2289; x_wconf 91' lang='lat' dir='ltr'>illam</span> <span class='ocrx_word' id='word_1_67' title='bbox 859 2231 963 2288; x_wconf 85' lang='lat' dir='ltr'>artem</span> <span class='ocrx_word' id='word_1_68' title='bbox 994 2229 1125 2302; x_wconf 91' lang='lat' dir='ltr'>antiquo</span> <span class='ocrx_word' id='word_1_69' title='bbox 1148 2230 1351 2305; x_wconf 85' lang='lat' dir='ltr'>simplicique</span> 
     </span>
     <span class='ocr_line' id='line_1_12' title="bbox 173 2342 490 2403; baseline 0.009 -3"><span class='ocrx_word' id='word_1_70' title='bbox 173 2342 274 2401; x_wconf 93' lang='lat' dir='ltr'>modo</span> <span class='ocrx_word' id='word_1_71' title='bbox 298 2345 490 2403; x_wconf 83' lang='lat' dir='ltr'>exercent!&#39;&#39;</span> 
     </span>
    </p>

    <p class='ocr_par' dir='ltr' id='par_1_6' title="bbox 219 2458 432 2530">
     <span class='ocr_line' id='line_1_13' title="bbox 219 2458 432 2530; baseline 0 -14"><span class='ocrx_word' id='word_1_72' title='bbox 219 2473 270 2516; x_wconf 85' lang='lat' dir='ltr'>vs.</span> <span class='ocrx_word' id='word_1_73' title='bbox 297 2458 361 2516; x_wconf 82' lang='lat'>234</span> <span class='ocrx_word' id='word_1_74' title='bbox 384 2472 432 2530; x_wconf 88' lang='lat' dir='ltr'>sq.</span> 
     </span>
    </p>

    <p class='ocr_par' dir='ltr' id='par_1_7' title="bbox 171 2570 1349 3668">
     <span class='ocr_line' id='line_1_14' title="bbox 311 2570 1349 2644; baseline -0.001 -13"><span class='ocrx_word' id='word_1_75' title='bbox 311 2570 454 2632; x_wconf 86' lang='lat' dir='ltr'>Oonveni</span> <span class='ocrx_word' id='word_1_76' title='bbox 483 2571 578 2631; x_wconf 86' lang='lat' dir='ltr'>hodie</span> <span class='ocrx_word' id='word_1_77' title='bbox 598 2571 773 2630; x_wconf 89' lang='lat' dir='ltr'>adveniens</span> <span class='ocrx_word' id='word_1_78' title='bbox 797 2571 958 2644; x_wconf 89' lang='lat' dir='ltr'>quendam</span> <span class='ocrx_word' id='word_1_79' title='bbox 981 2572 1047 2630; x_wconf 90' lang='lat' dir='ltr'>mei</span> <span class='ocrx_word' id='word_1_80' title='bbox 1070 2572 1131 2631; x_wconf 89' lang='lat' dir='ltr'>loci</span> <span class='ocrx_word' id='word_1_81' title='bbox 1154 2572 1230 2631; x_wconf 88' lang='lat' dir='ltr'>hino</span> <span class='ocrx_word' id='word_1_82' title='bbox 1253 2573 1349 2644; x_wconf 90' lang='lat' dir='ltr'>atque</span> 
     </span>
     <span class='ocr_line' id='line_1_15' title="bbox 1161 2685 1302 2759; baseline -0.014 -15"><span class='ocrx_word' id='word_1_83' title='bbox 1161 2685 1302 2759; x_wconf 73' lang='lat' dir='ltr'>[ordinis</span> 
     </span>
     <span class='ocr_line' id='line_1_16' title="bbox 310 2798 1346 2875; baseline 0 -17"><span class='ocrx_word' id='word_1_84' title='bbox 310 2799 486 2859; x_wconf 89' lang='lat' dir='ltr'>Hominem</span> <span class='ocrx_word' id='word_1_85' title='bbox 516 2801 602 2859; x_wconf 90' lang='lat' dir='ltr'>haud</span> <span class='ocrx_word' id='word_1_86' title='bbox 632 2801 798 2874; x_wconf 89' lang='lat' dir='ltr'>impurum</span> <span class='ocrx_word' id='word_1_87' title='bbox 820 2801 935 2860; x_wconf 89' lang='lat' dir='ltr'>itidem</span> <span class='ocrx_word' id='word_1_88' title='bbox 958 2800 1063 2875; x_wconf 89' lang='lat' dir='ltr'>patria</span> <span class='ocrx_word' id='word_1_89' title='bbox 1086 2801 1140 2874; x_wconf 89' lang='lat' dir='ltr'>qui</span> <span class='ocrx_word' id='word_1_90' title='bbox 1164 2798 1346 2873; x_wconf 84' lang='lat' dir='ltr'>abligurrie-</span> 
     </span>
     <span class='ocr_line' id='line_1_17' title="bbox 1125 2913 1302 2984; baseline -0.006 -11"><span class='ocrx_word' id='word_1_91' title='bbox 1125 2915 1187 2984; x_wconf 92' lang='lat' dir='ltr'>[rat</span> <span class='ocrx_word' id='word_1_92' title='bbox 1209 2913 1302 2972; x_wconf 91' lang='lat' dir='ltr'>bona.</span> 
     </span>
     <span class='ocr_line' id='line_1_18' title="bbox 171 3025 1347 3102; baseline -0.001 -16"><span class='ocrx_word' id='word_1_93' title='bbox 171 3027 267 3086; x_wconf 83' lang='lat' dir='ltr'>Sch:</span> <span class='ocrx_word' id='word_1_94' title='bbox 302 3027 437 3102; x_wconf 81' lang='lat' dir='ltr'>„haud</span> <span class='ocrx_word' id='word_1_95' title='bbox 467 3027 693 3102; x_wconf 90' lang='lat' dir='ltr'>impurum:</span> <span class='ocrx_word' id='word_1_96' title='bbox 726 3028 773 3086; x_wconf 90' lang='lat' dir='ltr'>sic</span> <span class='ocrx_word' id='word_1_97' title='bbox 796 3027 969 3086; x_wconf 88' lang='lat' dir='ltr'>laudamus</span> <span class='ocrx_word' id='word_1_98' title='bbox 993 3041 1047 3086; x_wconf 91' lang='lat' dir='ltr'>eos</span> <span class='ocrx_word' id='word_1_99' title='bbox 1071 3026 1243 3099; x_wconf 90' lang='lat' dir='ltr'>inquibus</span> <span class='ocrx_word' id='word_1_100' title='bbox 1267 3025 1347 3085; x_wconf 91' lang='lat' dir='ltr'>nihil</span> 
     </span>
     <span class='ocr_line' id='line_1_19' title="bbox 171 3138 1346 3216; baseline -0.002 -17"><span class='ocrx_word' id='word_1_101' title='bbox 171 3142 226 3200; x_wconf 92' lang='lat' dir='ltr'>est</span> <span class='ocrx_word' id='word_1_102' title='bbox 258 3141 341 3214; x_wconf 94' lang='lat' dir='ltr'>quod</span> <span class='ocrx_word' id='word_1_103' title='bbox 371 3155 566 3215; x_wconf 82' lang='lat' dir='ltr'>magnopere</span> <span class='ocrx_word' id='word_1_104' title='bbox 598 3140 804 3200; x_wconf 82' lang='lat' dir='ltr'>efferamus.”</span> <span class='ocrx_word' id='word_1_105' title='bbox 837 3141 929 3216; x_wconf 83' lang='lat' dir='ltr'>Ergo,</span> <span class='ocrx_word' id='word_1_106' title='bbox 958 3154 1156 3213; x_wconf 90' lang='lat' dir='ltr'>quamquam</span> <span class='ocrx_word' id='word_1_107' title='bbox 1183 3138 1346 3214; x_wconf 87' lang='lat' dir='ltr'>mediocri,</span> 
     </span>
     <span class='ocr_line' id='line_1_20' title="bbox 171 3252 1348 3328; baseline -0.002 -16"><span class='ocrx_word' id='word_1_108' title='bbox 171 3256 290 3313; x_wconf 91' lang='lat' dir='ltr'>tamen</span> <span class='ocrx_word' id='word_1_109' title='bbox 319 3252 427 3326; x_wconf 90' lang='lat' dir='ltr'>aliqua</span> <span class='ocrx_word' id='word_1_110' title='bbox 456 3252 551 3313; x_wconf 88' lang='lat' dir='ltr'>laude</span> <span class='ocrx_word' id='word_1_111' title='bbox 582 3254 725 3328; x_wconf 85' lang='lat' dir='ltr'>aspergit</span> <span class='ocrx_word' id='word_1_112' title='bbox 755 3255 923 3313; x_wconf 90' lang='lat' dir='ltr'>hominem</span> <span class='ocrx_word' id='word_1_113' title='bbox 953 3254 1132 3328; x_wconf 86' lang='lat' dir='ltr'>parasitus:</span> <span class='ocrx_word' id='word_1_114' title='bbox 1156 3252 1198 3310; x_wconf 89' lang='lat' dir='ltr'>in</span> <span class='ocrx_word' id='word_1_115' title='bbox 1225 3252 1348 3311; x_wconf 91' lang='lat' dir='ltr'>laude</span> 
     </span>
     <span class='ocr_line' id='line_1_21' title="bbox 172 3366 1348 3442; baseline -0.002 -16"><span class='ocrx_word' id='word_1_116' title='bbox 172 3368 265 3426; x_wconf 92' lang='lat' dir='ltr'>enim</span> <span class='ocrx_word' id='word_1_117' title='bbox 295 3366 356 3426; x_wconf 92' lang='lat' dir='ltr'>hoc</span> <span class='ocrx_word' id='word_1_118' title='bbox 386 3367 477 3441; x_wconf 91' lang='lat' dir='ltr'>ponit</span> <span class='ocrx_word' id='word_1_119' title='bbox 508 3368 590 3441; x_wconf 91' lang='lat' dir='ltr'>quod</span> <span class='ocrx_word' id='word_1_120' title='bbox 620 3368 762 3442; x_wconf 89' lang='lat' dir='ltr'>patria</span> <span class='ocrx_word' id='word_1_121' title='bbox 790 3367 1102 3441; x_wconf 84' lang='lat' dir='ltr'>abligurrierat</span> <span class='ocrx_word' id='word_1_122' title='bbox 1124 3366 1238 3425; x_wconf 87' lang='lat' dir='ltr'>bona.</span> <span class='ocrx_word' id='word_1_123' title='bbox 1264 3366 1348 3424; x_wconf 90' lang='lat' dir='ltr'>Nam</span> 
     </span>
     <span class='ocr_line' id='line_1_22' title="bbox 171 3481 1346 3556; baseline 0 -17"><span class='ocrx_word' id='word_1_124' title='bbox 171 3482 230 3554; x_wconf 91' lang='lat' dir='ltr'>qui</span> <span class='ocrx_word' id='word_1_125' title='bbox 241 3482 331 3540; x_wconf 89' lang='lat' dir='ltr'>victu</span> <span class='ocrx_word' id='word_1_126' title='bbox 342 3497 438 3556; x_wconf 90' lang='lat' dir='ltr'>parco</span> <span class='ocrx_word' id='word_1_127' title='bbox 451 3482 620 3554; x_wconf 90' lang='lat' dir='ltr'>sobrioque</span> <span class='ocrx_word' id='word_1_128' title='bbox 633 3483 684 3540; x_wconf 92' lang='lat' dir='ltr'>est</span> <span class='ocrx_word' id='word_1_129' title='bbox 696 3483 878 3556; x_wconf 73' lang='lat' dir='ltr'>contentus</span> <span class='ocrx_word' id='word_1_130' title='bbox 892 3481 946 3540; x_wconf 88' lang='lat' dir='ltr'>ille</span> <span class='ocrx_word' id='word_1_131' title='bbox 960 3482 989 3539; x_wconf 90' lang='lat' dir='ltr'>ei</span> <span class='ocrx_word' id='word_1_132' title='bbox 1003 3482 1054 3540; x_wconf 90' lang='lat' dir='ltr'>est</span> <span class='ocrx_word' id='word_1_133' title='bbox 1073 3481 1126 3538; x_wconf 92' lang='lat' dir='ltr'>im</span> <span class='ocrx_word' id='word_1_134' title='bbox 1135 3495 1155 3554; x_wconf 95' lang='lat' dir='ltr'>p</span> <span class='ocrx_word' id='word_1_135' title='bbox 1164 3495 1263 3539; x_wconf 88' lang='lat' dir='ltr'>urus</span> <span class='ocrx_word' id='word_1_136' title='bbox 1284 3481 1304 3539; x_wconf 91' lang='lat' dir='ltr'>i.</span> <span class='ocrx_word' id='word_1_137' title='bbox 1319 3495 1346 3539; x_wconf 91' lang='lat' dir='ltr'>e.</span> 
     </span>
     <span class='ocr_line' id='line_1_23' title="bbox 171 3594 537 3668; baseline 0.005 -16"><span class='ocrx_word' id='word_1_138' title='bbox 171 3594 324 3653; x_wconf 88' lang='lat' dir='ltr'>sordidus</span> <span class='ocrx_word' id='word_1_139' title='bbox 347 3609 537 3668; x_wconf 86' lang='lat' dir='ltr'>avarusque.</span> 
     </span>
    </p>

    <p class='ocr_par' dir='ltr' id='par_1_8' title="bbox 171 3706 1349 3898">
     <span class='ocr_line' id='line_1_24' title="bbox 222 3706 1349 3784; baseline -0.001 -17"><span class='ocrx_word' id='word_1_140' title='bbox 222 3709 291 3781; x_wconf 85' lang='lat' dir='ltr'>„Me</span> <span class='ocrx_word' id='word_1_141' title='bbox 312 3709 428 3784; x_wconf 87' lang='lat' dir='ltr'>aspice,</span> <span class='ocrx_word' id='word_1_142' title='bbox 449 3724 503 3768; x_wconf 89' lang='lat' dir='ltr'>me</span> <span class='ocrx_word' id='word_1_143' title='bbox 523 3709 660 3784; x_wconf 86' lang='lat' dir='ltr'>imitare,</span> <span class='ocrx_word' id='word_1_144' title='bbox 682 3724 837 3782; x_wconf 89' lang='lat' dir='ltr'>meaeque</span> <span class='ocrx_word' id='word_1_145' title='bbox 857 3710 898 3768; x_wconf 90' lang='lat' dir='ltr'>da</span> <span class='ocrx_word' id='word_1_146' title='bbox 916 3724 1035 3768; x_wconf 90' lang='lat' dir='ltr'>nomen</span> <span class='ocrx_word' id='word_1_147' title='bbox 1051 3706 1208 3767; x_wconf 90' lang='lat' dir='ltr'>militiae”</span> <span class='ocrx_word' id='word_1_148' title='bbox 1223 3707 1349 3768; x_wconf 85' lang='lat' dir='ltr'>Gnatho</span> 
     </span>
     <span class='ocr_line' id='line_1_25' title="bbox 171 3821 1240 3898; baseline 0.003 -19"><span class='ocrx_word' id='word_1_149' title='bbox 171 3821 334 3880; x_wconf 87' lang='lat' dir='ltr'>miserum</span> <span class='ocrx_word' id='word_1_150' title='bbox 358 3823 524 3882; x_wconf 91' lang='lat' dir='ltr'>hominem</span> <span class='ocrx_word' id='word_1_151' title='bbox 547 3826 727 3883; x_wconf 89' lang='lat' dir='ltr'>monuerat.</span> <span class='ocrx_word' id='word_1_152' title='bbox 753 3824 973 3898; x_wconf 86' lang='lat' dir='ltr'>Respondorat</span> <span class='ocrx_word' id='word_1_153' title='bbox 996 3824 1049 3882; x_wconf 93' lang='lat' dir='ltr'>ille</span> <span class='ocrx_word' id='word_1_154' title='bbox 1074 3826 1133 3894; x_wconf 80' lang='lat' dir='ltr'>(vs,</span> <span class='ocrx_word' id='word_1_155' title='bbox 1148 3824 1240 3894; x_wconf 70' lang='lat' dir='ltr'>alet:</span> 
     </span>
    </p>

    <p class='ocr_par' dir='ltr' id='par_1_9' title="bbox 264 3934 1280 4108">
     <span class='ocr_line' id='line_1_26' title="bbox 264 3934 1280 4011; baseline 0.001 -18"><span class='ocrx_word' id='word_1_156' title='bbox 264 3934 308 3993; x_wconf 90' lang='lat' dir='ltr'>At</span> <span class='ocrx_word' id='word_1_157' title='bbox 332 3951 391 4009; x_wconf 85' lang='lat' dir='ltr'>ego</span> <span class='ocrx_word' id='word_1_158' title='bbox 414 3936 527 3996; x_wconf 78' lang='lat' dir='ltr'>infelix</span> <span class='ocrx_word' id='word_1_159' title='bbox 551 3953 653 4010; x_wconf 92' lang='lat' dir='ltr'>neque</span> <span class='ocrx_word' id='word_1_160' title='bbox 678 3938 832 3997; x_wconf 87' lang='lat' dir='ltr'>ridiculus</span> <span class='ocrx_word' id='word_1_161' title='bbox 856 3953 928 3997; x_wconf 90' lang='lat' dir='ltr'>esse</span> <span class='ocrx_word' id='word_1_162' title='bbox 952 3953 1054 4010; x_wconf 89' lang='lat' dir='ltr'>neque</span> <span class='ocrx_word' id='word_1_163' title='bbox 1077 3937 1189 4011; x_wconf 87' lang='lat' dir='ltr'>plagas</span> <span class='ocrx_word' id='word_1_164' title='bbox 1212 3936 1280 4011; x_wconf 89' lang='lat' dir='ltr'>pati</span> 
     </span>
     <span class='ocr_line' id='line_1_27' title="bbox 266 4049 414 4108; baseline 0.014 -2"><span class='ocrx_word' id='word_1_165' title='bbox 266 4049 414 4108; x_wconf 91' lang='lat' dir='ltr'>Possum.</span> 
     </span>
    </p>
   </div>
   <div class='ocr_carea' id='block_1_6' title="bbox 173 4159 1350 4576">
    <p class='ocr_par' dir='ltr' id='par_1_10' title="bbox 173 4159 1350 4576">
     <span class='ocr_line' id='line_1_28' title="bbox 173 4159 1348 4238; baseline 0.001 -20"><span class='ocrx_word' id='word_1_166' title='bbox 173 4159 239 4218; x_wconf 91' lang='lat' dir='ltr'>Hic</span> <span class='ocrx_word' id='word_1_167' title='bbox 261 4161 337 4233; x_wconf 92' lang='lat' dir='ltr'>quid</span> <span class='ocrx_word' id='word_1_168' title='bbox 359 4161 403 4220; x_wconf 92' lang='lat' dir='ltr'>sit</span> <span class='ocrx_word' id='word_1_169' title='bbox 425 4162 637 4222; x_wconf 87' lang='lat' dir='ltr'>ridiculus</span> <span class='ocrx_word' id='word_1_170' title='bbox 657 4163 838 4237; x_wconf 89' lang='lat' dir='ltr'>quaeritur;</span> <span class='ocrx_word' id='word_1_171' title='bbox 860 4165 970 4237; x_wconf 90' lang='lat' dir='ltr'>quaeri</span> <span class='ocrx_word' id='word_1_172' title='bbox 989 4180 1053 4223; x_wconf 91' lang='lat' dir='ltr'>non</span> <span class='ocrx_word' id='word_1_173' title='bbox 1076 4164 1187 4238; x_wconf 89' lang='lat' dir='ltr'>posset</span> <span class='ocrx_word' id='word_1_174' title='bbox 1206 4162 1235 4221; x_wconf 89' lang='lat' dir='ltr'>si</span> <span class='ocrx_word' id='word_1_175' title='bbox 1255 4161 1348 4220; x_wconf 81' lang='lat' dir='ltr'>Scho-</span> 
     </span>
     <span class='ocr_line' id='line_1_29' title="bbox 173 4273 1347 4349; baseline 0.003 -19"><span class='ocrx_word' id='word_1_176' title='bbox 173 4273 292 4332; x_wconf 86' lang='lat' dir='ltr'>liastae</span> <span class='ocrx_word' id='word_1_177' title='bbox 313 4275 415 4333; x_wconf 88' lang='lat' dir='ltr'>nostri</span> <span class='ocrx_word' id='word_1_178' title='bbox 435 4275 577 4349; x_wconf 90' lang='lat' dir='ltr'>aliquam</span> <span class='ocrx_word' id='word_1_179' title='bbox 598 4277 637 4336; x_wconf 88' lang='lat' dir='ltr'>ad</span> <span class='ocrx_word' id='word_1_180' title='bbox 657 4277 743 4335; x_wconf 88' lang='lat' dir='ltr'>hunc</span> <span class='ocrx_word' id='word_1_181' title='bbox 761 4276 869 4336; x_wconf 87' lang='lat' dir='ltr'>locum</span> <span class='ocrx_word' id='word_1_182' title='bbox 882 4277 1075 4337; x_wconf 88' lang='lat' dir='ltr'>haberemus</span> <span class='ocrx_word' id='word_1_183' title='bbox 1088 4276 1347 4349; x_wconf 65' lang='lat' dir='ltr'>annotationem</span> 
     </span>
     <span class='ocr_line' id='line_1_30' title="bbox 175 4389 1350 4465; baseline 0.003 -21"><span class='ocrx_word' id='word_1_184' title='bbox 175 4401 255 4445; x_wconf 90' lang='lat' dir='ltr'>nam</span> <span class='ocrx_word' id='word_1_185' title='bbox 287 4402 373 4447; x_wconf 88' lang='lat' dir='ltr'>nunc</span> <span class='ocrx_word' id='word_1_186' title='bbox 402 4403 515 4449; x_wconf 90' lang='lat' dir='ltr'>vereor</span> <span class='ocrx_word' id='word_1_187' title='bbox 545 4392 582 4449; x_wconf 93' lang='lat' dir='ltr'>ut</span> <span class='ocrx_word' id='word_1_188' title='bbox 604 4389 701 4449; x_wconf 91' lang='lat' dir='ltr'>multi</span> <span class='ocrx_word' id='word_1_189' title='bbox 724 4393 810 4450; x_wconf 87' lang='lat' dir='ltr'>recte</span> <span class='ocrx_word' id='word_1_190' title='bbox 835 4406 910 4450; x_wconf 93' lang='lat' dir='ltr'>eum</span> <span class='ocrx_word' id='word_1_191' title='bbox 933 4391 1125 4465; x_wconf 87' lang='lat' dir='ltr'>intelligant.</span> <span class='ocrx_word' id='word_1_192' title='bbox 1150 4389 1350 4450; x_wconf 84' lang='lat' dir='ltr'>Gravissime</span> 
     </span>
     <span class='ocr_line' id='line_1_31' title="bbox 177 4499 1294 4576; baseline 0.001 -16"><span class='ocrx_word' id='word_1_193' title='bbox 177 4515 259 4561; x_wconf 88' lang='lat' dir='ltr'>vero</span> <span class='ocrx_word' id='word_1_194' title='bbox 283 4499 393 4561; x_wconf 84' lang='lat' dir='ltr'>errant</span> <span class='ocrx_word' id='word_1_195' title='bbox 416 4503 470 4576; x_wconf 92' lang='lat' dir='ltr'>qui</span> <span class='ocrx_word' id='word_1_196' title='bbox 493 4504 556 4563; x_wconf 91' lang='lat' dir='ltr'>huc</span> <span class='ocrx_word' id='word_1_197' title='bbox 579 4505 714 4563; x_wconf 89' lang='lat' dir='ltr'>trahunt</span> <span class='ocrx_word' id='word_1_198' title='bbox 736 4504 899 4564; x_wconf 89' lang='lat' dir='ltr'>Iuvenalis</span> <span class='ocrx_word' id='word_1_199' title='bbox 922 4521 1036 4564; x_wconf 88' lang='lat' dir='ltr'>versus</span> <span class='ocrx_word' id='word_1_200' title='bbox 1059 4503 1294 4564; x_wconf 88' lang='lat' dir='ltr'>nobilissimos:</span> 
     </span>
    </p>
   </div>
   <div class='ocr_carea' id='block_1_7' title="bbox 0 0 1632 5274">
    <p class='ocr_par' dir='ltr' id='par_1_11' title="bbox 0 0 1632 5274">
     <span class='ocr_line' id='line_1_32' title="bbox 0 0 1632 5274; baseline 0 1"><span class='ocrx_word' id='word_1_201' title='bbox 0 0 1632 5274; x_wconf 95' lang='lat' dir='ltr'> </span> 
     </span>
    </p>
   </div>
  </div>
 </body>
</html>
