3254 5274
802 677 842 740 51

228 877 348 938 lectio:
371 891 446 950 quo
466 875 543 934 ille
562 873 668 932 hinc.
689 872 747 931 Est
766 872 877 959 autern
897 871 981 930 nisi
1005 871 1040 929 si
1061 869 1206 945 ignorare
1227 886 1262 929 se
1274 869 1408 929 fatentis

229 995 267 1052 et
296 992 389 1066 plane
413 986 606 1065 ἀποροῦντος,
629 986 655 1046 11
699 987 810 1045 tamen
833 987 870 1044 ut
889 984 951 1044 eibi
969 999 1071 1043 unum
1092 983 1192 1043 etiam
1211 986 1334 1043 restare
1355 1000 1407 1043 ex·

230 1106 454 1180 perimentum
478 1099 646 1176 significet,
672 1101 766 1173 idque
789 1115 907 1173 parvae
931 1099 1008 1172 spei.

282 1219 458 1290 Postquam
478 1216 612 1276 domum
632 1230 727 1274 suarn
747 1213 826 1274 abiit
845 1213 1011 1288 Phaedria,
1032 1229 1135 1287 pauca
1155 1213 1255 1272 etiarn
1275 1212 1409 1286 Pythias

233 1347 314 1391 cum
332 1331 468 1391 Doriade
487 1329 645 1403 loquitur:
669 1328 848 1402 „miserae”
870 1327 916 1386 ait
938 1326 1074 1401 „nonin
1086 1329 1231 1386 mentem
1243 1326 1409 1385 venerat.’'

233 1444 438 1518 Cogitatione
458 1443 640 1503 addendum
660 1444 727 1501 est:
751 1438 839 1515 „fleri
859 1440 1004 1514 potuisse
1022 1442 1060 1499 111
1071 1439 1245 1499 simulatus
1258 1439 1311 1498 ille
1324 1441 1411 1498 esset

231 1558 443 1618 Eunuchus.”
487 1603 488 1606 .

705 1734 947 1742 ——u—-au——-—.

647 1931 756 1992 Acrus
779 1931 824 1990 IV
847 1932 955 1992 801111
979 1932 1009 1992 4.

200 2169 204 2172 .
284 2119 387 2180 Domo
407 2119 490 2179 redit
509 2119 666 2179 Phaedria
685 2134 796 2178 secum
816 2119 950 2179 trahens
969 2119 1169 2194 Eunuchum,
1183 2134 1297 2178 verum
1310 2118 1411 2194 illum,

236 2235 423 2307 nulliusque
436 2234 497 2293 sihi
511 2234 623 2308 culpae
635 2235 810 2309 conscium,
820 2234 970 2293 indutum
980 2233 1079 2292 etiam
1088 2232 1249 2292 Chaereae
1257 2233 1412 2292 vestibus.
1481 2256 1484 2260 ’

237 2349 398 2408 convitiis
425 2349 538 2407 onerat
560 2348 718 2407 miserum
742 2348 907 2407 hominem
932 2349 964 2406 31
988 2347 1061 2406 aliis
1085 2349 1117 2406 et
1140 2347 1208 2406 his:
1236 2347 1412 2421 „Fugitivo

237 2461 328 2524 male
359 2461 559 2520 conciliate.”
591 2459 833 2521 Conciliare
865 2463 916 2520 est
945 2461 1081 2520 verbum
1105 2461 1322 2520 contractibus
1345 2475 1413 2534 pro-

236 2576 347 2665 prium
371 2577 404 2634 et
426 2575 550 2649 passim
574 2575 612 2634 de
636 2575 799 2649 emptione
819 2576 1028 2649 usurpatum;
1052 2575 1160 2634 male
1181 2575 1414 2634 conciliate

239 2704 317 2763 ergo
348 2691 414 2748 est:
453 2688 572 2762 „nimio
603 2689 706 2762 pretio
731 2690 870 2763 empte,”
895 2689 928 2747 in
952 2688 1067 2762 quibus
1090 2688 1197 2748 verbis
1221 2689 1318 2748 simul
1342 2703 1412 2747 con·

237 2802 359 2861 vitium
390 2802 475 2860 inest
507 2803 539 2860 31
570 2802 836 2861 commemoratio
868 2802 942 2862 doni
970 2802 1102 2876 pretiosi
1126 2801 1239 2861 Thaidi
1263 2802 1339 2860 dati.
1365 2802 1414 2860 Ad

239 2930 339 2974 suum
375 2915 495 2974 donum
530 2915 727 2974 laudandum
762 2916 862 2975 etiarn
893 2917 979 2985 (670)
1014 2930 1069 2989 ,,03
1095 2917 1136 2974 ut
1166 2915 1228 2974 sihi
1259 2915 1414 2974 detorsit''

239 3029 399 3089 Phaedria
430 3029 516 3102 dicit,
549 3029 641 3102 quasi
669 3031 744 3088 ante
767 3029 899 3103 pulcher
921 3029 1019 3089 1113111
1042 3031 1074 3089 31
1098 3029 1201 3099 (684);
1229 3044 1334 3103 „nunc
1356 3029 1415 3088 tibi

238 3142 370 3201 videtur
400 3142 544 3201 foedus”
577 3143 640 3211 (Sic
670 3142 737 3202 1313
770 3143 970 3213 Scholiasta).
999 3141 1149 3202 Ceterum
1173 3143 1359 3216 fugitive
1384 3144 1417 3201 et

240 3255 351 3314 male
382 3235 616 3315 conciliate
648 3258 717 3316 arte
748 3257 937 3316 cohaerent:
965 3256 1179 3330 fugitivus
1203 3256 1290 3316 enim
1314 3255 1415 3314 redhi-

239 3369 366 3429 bendus
397 3371 457 3428 331.
489 3369 571 3442 Ergo
602 3369 725 3428 duobus
756 3370 808 3428 his
839 3370 989 3430 convitiis
1020 3371 1172 3448 alluditur
1203 3361 1243 3430 ad
1274 3369 1417 3428 actiones

241 3483 328 3557 apud
352 3482 489 3541 aedilem
514 3483 856 3553 (redhibitoriam
880 3484 913 3541 et
936 3484 1084 3556 quanti
1108 3483 1308 3552 minoris).

289 3597 500 3656 Pertinaciter
540 3599 638 3670 negat
675 3597 810 3670 Pythias
845 3574 938 3655 illum
971 3596 1163 3655 Eunuchum
1198 3596 1417 3655 introductum

242 3729 263 3772 a
295 3713 512 3785 Parmenone;
545 3712 734 3788 convincere
766 3727 839 3770 earn
870 3712 979 3770 studet
1006 3712 1171 3770 Phaedria.
1197 3711 1340 3770 'landem
1364 3711 1419 3769 illa

244 3829 320 3897 (685
345 3831 444 3900 sqq.):

446 3941 529 4001 Pace
553 3942 701 4000 obsecro:
727 3926 918 4014 quasivero
942 3940 1074 4021 paulurn
1098 3939 1182 3999 inter
1205 3940 1277 4002 siet.

446 4055 496 4114 Ad
519 4071 578 4114 nos
602 4056 757 4114 deductus
781 4055 909 4114 hodiest
932 4054 1200 4128 adolescentulus

448 4167 550 4242 Quem
572 4171 609 4227 tu
632 4168 741 4244 videre
764 4184 841 4227 1310
865 4168 975 4244 131133,
1001 4168 1167 4227 Phaedria.

245 4285 381 4358 Semper
422 4284 455 4341 in
492 4299 541 4342 13.
578 4285 640 4342 687
677 4284 810 4342 haereo:
848 4282 971 4357 Quem
1005 4285 1049 4342 tu
1083 4283 1229 4342 videre
1263 4282 1417 4358 velles,

245 4397 465 4456 Phaedria.
497 4398 623 4470 Aliquis
654 4400 723 4457 tarn
754 4398 886 4470 pulcher
917 4413 988 4457 esse
1020 4399 1135 4472 potest,
1168 4398 1204 4455 ut
1234 4397 1288 4468 qui
1319 4397 1418 4456 semel

244 4511 329 4571 vidit
359 4514 479 4571 iterum
510 4513 618 4572 videre
643 4513 760 4586 cupiat.
786 4513 847 4571 Sed
871 4513 953 4584 quod
977 4512 1029 4570 hic
1052 4511 1169 4584 13311111
1193 4511 1230 4568 13
1253 4496 1424 4584 Phaedria,¹
