3230 5260
848 612 888 670 78

693 889 853 957 Acrus'V
877 898 985 958 Souna
1010 899 1039 958 8.

321 1086 473 1145 Exsultat
496 1084 638 1146 Chaerea
661 1086 794 1160 gaudio;
818 1087 1023 1161 Pamphilam
1043 1102 1138 1147 suam
1158 1088 1264 1147 civem
1284 1088 1446 1147 inventam

277 1202 310 1258 et
340 1214 359 1258 a
381 1202 473 1273 patre
495 1199 557 1258 sibi
580 1215 734 1273 sponsam
757 1200 951 1260 Parmenoni
974 1202 1093 1276 narrat,
1118 1201 1228 1260 fratris
1251 1203 1356 1260 totam
1379 1215 1447 1260 esse

277 1312 450 1386 Thaidem;
481 1313 593 1372 laudat
623 1313 858 1372 Parmenonem
885 1315 941 1386 qui
963 1315 1112 1390 suaserit,
1137 1329 1173 1373 se
1196 1315 1251 1388 qui
1275 1329 1374 1374 ausus
1397 1313 1446 1389 sit,
1504 1329 1508 1346 ·

277 1427 441 1486 fortunam
472 1442 554 1500 quae
578 1427 746 1502 adiuverit,
771 1430 898 1500 patrem
922 1428 976 1501 qui
999 1430 1069 1487 tam
1093 1428 1190 1488 fuerit
1212 1427 1326 1488 facilis.
1351 1427 1447 1487 Paulo

275 1541 519 1614 postPhaedria
531 1540 662 1620 accedit,
677 1556 739 1613 quo
751 1541 851 1600 irater
862 1541 918 1601 ubi
929 1542 973 1600 sit
981 1544 1124 1617 rogante,
1136 1540 1279 1602 Chaerea
1287 1541 1448 1600 exclamat

277 1659 335 1724 (vs.
360 1656 453 1724 1050)
477 1656 624 1730 ,praesto
645 1654 807 1730 homost‚”
821 1671 903 1728 quae
915 1655 1014 1715 verba
1026 1657 1165 1715 eundem
1177 1656 1298 1715 habent
1310 1656 1447 1715 colorem

277 1771 373 1842 atque
403 1768 481 1827 illud
511 1784 629 1828 nemo
659 1769 779 1828 homo
810 1771 843 1828 et
874 1784 991 1828 nemo
1015 1770 1248 1844 quisquam,
1274 1770 1358 1842 quod
1380 1771 1447 1828 tam

275 1884 425 1957 frequens
460 1886 543 1958 apud
578 1885 775 1944 Terentium.
811 1886 911 1944 Audit
945 1886 1024 1945 haec
1056 1887 1166 1946 omnia
1196 1887 1328 1962 Thraso,
1361 1885 1447 1946 audit

274 2000 442 2071 praeterea
464 2014 483 2057 a
503 1997 645 2056 Chaerea
664 1997 819 2057 Thaidem
839 1998 973 2074 laudari,
994 2014 1030 2058 se
1049 1999 1136 2059 foras
1157 2001 1214 2059 aut
1233 2001 1364 2073 pulsum
1384 2000 1445 2059 iam

275 2113 332 2170 aut
361 2112 492 2185 pulsum
523 2111 563 2170 111
586 2087 753 2185 1010111011;
779 2111 926 2171 obsecrat
950 2112 1155 2172 Gnathonem
1177 2116 1214 2173 ut
1238 2114 1366 2186 aliquod
1388 2113 1446 2172 sibi

250 2225 482 2285 ‘miseriarum
513 2226 663 2284 levamen
694 2225 847 2300 inveniat,
881 2227 913 2284 et
947 2226 994 2300 ,si
1018 2227 1184 2286 effeceris''
1209 2228 1256 2286 ait
1279 2231 1328 2297 (vs
1355 2229 1444 2295 1055)

277 2341 333 2412 ,ut
356 2339 509 2398 haeream
533 2339 566 2398 in
588 2340 680 2413 parte
704 2338 812 2411 aliqua
834 2340 967 2399 tandem
992 2341 1076 2414 apud
1100 2341 1257 2400 Thaidem

364 2453 504 2528 Quodvis
528 2454 648 2512 donum
671 2452 853 2526 praemium
876 2469 896 2512 a
918 2469 972 2512 me
996 2456 1115 2530 optato,
1141 2455 1173 2514 id
1196 2458 1345 2529 optatum

1113 2569 1229 2640 [feres'’
1255 2575 1313 2640 (vs
1342 2571 1442 2638 1057).

273 2682 379 2742 Ρο1110
421 2685 555 2742 annotat
597 2683 793 2743 Scholiasta:
840 2683 1009 2758 ,donum
1050 2685 1087 2741 ut
1126 2699 1146 2742 a
1179 2683 1269 2757 largo
1304 2683 1440 2757 homine,

272 2797 506 2870 praemium
525 2797 562 2855 ut
581 2812 601 2855 a
616 2797 779 2870 praeclaro
791 2797 964 2871 facinore,”
978 2797 1127 2870 recteque
1140 2797 1293 2856 admonet
1305 2797 1442 2856 militare

274 2924 345 2968 esse
370 2910 544 2983 optandi
567 2909 713 2968 verbum.

316 3026 415 3085 Audit
446 3042 558 3086 eorum
589 3041 774 3084 sermonem
804 3025 962 3084 Phaedria
985 3028 1018 3085 01
1040 3026 1088 3084 010
1110 3024 1248 3084 rivalem
1272 3024 1440 3097 alloquitur

274 3145 331 3210 (vs.
360 3141 442 3200 1061
468 3145 544 3214 sq.):

750 3252 797 3312 Tu
821 3254 959 3313 fortasse
982 3269 1064 3327 quae
1088 3255 1174 3313 facta
1197 3253 1250 3312 hic
1272 3253 1359 3312 sient

628 3368 750 3430 Nescis,

274 3483 363 3557 ,Hoc
392 3484 499 3542 totum
529 3482 664 3556 superbe
692 3481 1292 3557 0010100011011000110001000000,”
1318 3483 1443 3556 egregia

272 3599 323 3656 est
347 3597 546 3657 scholiastae
570 3595 745 3656 annotatio.

315 3709 378 3768 Ubi
401 3710 496 3769 miles
522 3710 635 3784 „Scio”
660 3709 751 3784 dixit,
776 3710 823 3768 010
846 3711 951 3784 pergit
974 3710 1150 3770 Phaedria:

583 3823 666 3898 Quor
690 3839 764 3897 ergo
788 3824 822 3882 in
849 3824 900 3882 his
923 3826 956 3883 te
980 3826 1146 3898 conspicor
1168 3825 1376 3899 regionibus?

271 3939 456 4014 Respondet
485 3939 598 3998 miles:
633 3938 751 4014 ,Vobis
781 3938 916 3998 110100.”
948 3939 994 3997 De
1025 3940 1184 3999 industria
1214 3940 1443 4000 soloecismum

266 4054 364 4128 fretus
387 4053 485 4113 militi
509 4053 623 4110 datum
647 4053 757 4111 censet
785 4051 974 4111 Scholiasta.
999 4053 1036 4112 V.
1061 4054 1101 4112 ad
1124 4069 1172 4112 vs
1198 4054 1273 4112 432.
1290 4047 1310 4123 ¹)

418 4237 516 4244 ——-—

297 4333 313 4384 ι)
327 4331 444 4376 Eiusdem
458 4330 556 4384 generis
571 4331 611 4374 est
623 4329 754 4373 annotatio
767 4329 798 4374 ad
811 4328 910 4373 Phorm.
922 4329 954 4384 11,
965 4330 984 4384 1,
997 4330 1033 4372 18:
1042 4328 1442 4384 „Habmdaecompedesrvitiosam

267 4409 418 4454 locutionem
445 4408 532 4453 servili
560 4417 681 4462 personae
706 4406 775 4450 dedit
800 4405 937 4450 Terentius.
964 4407 1028 4450 Nam
1056 4406 1181 4460 integrum
1206 4407 1282 4462 esset,
1308 4407 1330 4450 sl
1352 4407 1442 4452 diceret

267 4487 427 4532 habendas
441 4486 625 4539 compedes.''
