3230 5260
842 639 903 700 130

281 828 451 888 consilium
485 831 522 888 ut
556 829 705 888 idoneam
736 827 942 888 nanciscatur
973 844 1106 888 causam
1137 831 1346 890 succensendi
1376 828 1446 890 filio.

325 944 376 1003 61.
414 943 538 1002 Laudat
572 943 657 1002 hunc
687 942 795 1002 locum
826 942 1007 1003 Scholiasta
1037 944 1203 1018 lepideque
1234 945 1447 1020 adolescentes

280 1055 352 1115 illos
384 1057 423 1116 de
453 1056 622 1131 Pamphilo
653 1056 699 1115 nil
722 1071 839 1130 negare
863 1057 919 1114 sed
943 1058 1052 1130 aperte
1076 1057 1228 1131 quidquid
1251 1059 1379 1132 gestum
1402 1059 1449 1116 est

279 1170 450 1229 denarrare
470 1169 628 1229 observat.
651 1169 818 1242 Sequitur:
843 1169 1044 1243 „etquidem
1064 1171 1201 1229 tacitum
1221 1172 1279 1246 est,
1297 1171 1447 1230 1111611-

279 1284 360 1359 tum,
393 1284 449 1342 sed
480 1285 517 1342 ut
547 1298 611 1342 non
634 1283 757 1341 sactum
782 1296 854 1340 esse
878 1282 924 1341 ita
947 1282 1126 1343 videatur.”
1151 1283 1212 1342 Hic
1235 1284 1376 1357 primum
1400 1284 1446 1344 ad-

279 1412 451 1456 monemur
481 1397 557 1469 quid
588 1395 716 1455 intersit
747 1395 830 1454 inter
858 1396 998 1455 celare
1031 1399 1064 1456 et
1087 1398 1230 1456 tacere
1255 1398 1448 1468 (celamus

279 1511 365 1569 enim
397 1527 435 1570 ea
465 1484 547 1584 quae
578 1526 738 1585 rogamur,
771 1512 963 1570 tacemus
976 1521 980 1530 ’
994 1526 1076 1583 quae
1107 1527 1171 1570 non
1194 1517 1365 1585 rogamur).
1391 1512 1447 1571 Sed

277 1623 394 1682 ultima
424 1623 495 1682 illa:
525 1625 595 1682 sed
619 1625 663 1682 ut
686 1639 764 1682 non
788 1612 947 1683 factum
972 1639 1067 1684 esse
1089 1625 1151 1685 ita
1174 1626 1372 1685 videatur
1394 1627 1447 1684 rix

277 1738 431 1813 intelligo.
465 1739 615 1813 Suspicor
645 1754 759 1798 vocem
790 1739 850 1798 ita
881 1754 945 1798 non
975 1741 1049 1814 post
1081 1755 1175 1799 esse
1206 1741 1263 1800 sed
1285 1742 1358 1814 post
1381 1740 1447 1799 sed

276 1853 468 1928 ponendam,
500 1855 537 1910 ut
567 1853 647 1911 haec
677 1851 721 1911 sit
751 1852 930 1912 sententia:
966 1854 1107 1926 „(tacent
1138 1854 1184 1912 illi
1209 1854 1446 1927 adolescentes),

276 1967 332 2024 sed
363 1967 410 2025 ita
441 1968 569 2041 (tacent,
603 1967 699 2039 atque
729 1966 790 2024 hoc
821 1981 933 2024 eorum
964 1981 1120 2042 responsa
1150 1968 1301 2037 6111111111)
1329 1970 1365 2026 11
1387 1983 1447 2026 111

276 2080 400 2139 facturn
425 2095 496 2138 esse
521 2081 571 2155 (id,
597 2080 680 2152 quod
704 2095 805 2138 senex
829 2080 907 2138 adeo
931 2081 1059 2150 metuit)
1083 2081 1262 2140 videatur.”

242 2260 247 2264 ,
322 2195 375 2253 63.
645 2192 888 2266 Comperieham
912 2193 957 2252 nil
982 2195 1021 2252 ad
1044 2194 1250 2268 Pamphilum

500 2308 679 2383 Quidquam
704 2309 852 2367 attinere.

323 2421 650 2495 Comperiebam]
686 2422 784 2497 „Vide
816 2423 845 2481 si
875 2438 939 2482 non
970 2423 1069 2482 verba
1098 2424 1200 2497 patris
1231 2426 1317 2500 sunt,
1349 2426 1382 2484 et
1411 2424 1446 2482 de

276 2537 371 2595 rebus
401 2535 556 2595 Venereis
587 2537 671 2595 circa
701 2535 759 2594 filii
789 2536 990 2596 mentionem
1021 2538 1180 2610 agentis?
1211 2538 1293 2597 Atra
1316 2538 1447 2611 caligine

276 2650 460 2709 obscuriora
479 2650 567 2708 haec.
585 2650 645 2708 Pro
659 2650 772 2708 circa
784 2650 933 2722 equidem
944 2665 1085 2723 propono
1099 2651 1225 2709 citra:
1243 2651 1373 2725 „Nonne
1388 2652 1447 2710 hoc

275 2763 401 2836 paterni
424 2765 474 2821 est
497 2762 607 2836 animi,
632 2763 687 2821 ubi
710 2763 748 2822 de
768 2763 863 2821 rebus
884 2763 1030 2823 venereis
1050 2765 1174 2838 agatur,
1196 2780 1260 2823 non
1280 2781 1316 2824 eo
1336 2765 1447 2824 adduci

275 2879 312 2936 ut
335 2878 435 2937 etiam
458 2875 515 2934 filii
538 2877 740 2936 mentionem
763 2877 908 2936 iacias?'’

320 2993 371 3050 72.
404 2991 488 3050 Hac
518 2991 638 3060 fama]
675 2990 745 3065 „An
775 3007 850 3051 vere
881 2991 1032 3050 laudatus
1059 2992 1111 3067 sit,
1137 2993 1265 3067 singula
1290 2993 1369 3052 haec
1392 3008 1446 3066 pro

275 3107 475 3180 argumentis
507 3107 614 3165 sunt.'’
648 3105 805 3180 Quoniam
836 3105 998 3178 sequitur:
1030 3108 1082 3179 „et
1106 3109 1273 3167 excusatio
1298 3109 1356 3182 est,
1383 3122 1446 3165 non

275 3235 346 3279 esse
366 3220 506 3279 stultitia
525 3220 646 3279 falsum
658 3221 714 3278 sed
727 3219 937 3294 impulsum‚”
951 3221 1113 3279 sententia
1125 3221 1204 3280 haec
1217 3237 1289 3280 esse
1301 3221 1444 3279 videtur:

277 3335 468 3408 „honestam
487 3333 577 3392 illam
598 3333 824 3407 dePamphilo
843 3334 968 3393 famam
987 3349 1049 3392 non
1064 3334 1159 3407 plane
1173 3335 1211 3392 de
1224 3335 1325 3393 nihilo
1337 3334 1446 3393 fictam

273 3447 383 3522 fuisse,
420 3449 622 3522 aliquatenus
658 3463 699 3506 ex
733 3448 782 3522 de,
818 3463 900 3520 quae
935 3463 1032 3521 supra
1066 3463 1085 3506 a
1118 3449 1210 3520 patre
1245 3447 1331 3506 dicta
1360 3449 1444 3522 sunt,

274 3560 356 3621 effici
378 3563 517 3635 potest.”

319 3678 370 3735 79.
403 3676 559 3745 Beasti]
593 3675 755 3734 Laudatur
779 3675 831 3734 hic
854 3677 949 3749 poeta
972 3675 1026 3748 qui
1050 3675 1192 3734 hominis
1215 3675 1337 3734 mortui
1358 3690 1444 3734 men-

272 3791 360 3849 tione
383 3791 470 3849 facta
493 3790 607 3848 statim
631 3789 754 3848 laetum
778 3789 982 3848 subiunxerit
1004 3788 1198 3878 vocabulum
1225 3805 1285 3863 „ne
1305 3804 1394 3848 mors
1414 3789 1446 3846 in

273 3904 446 3978 comoedia,
471 3903 578 3962 luctus
602 3903 635 3961 in
658 3903 823 3977 tragoedia
845 3903 1064 3975 personaret.’'
1089 3901 1174 3960 Ante
1198 3891 1340 3961 luctus
1364 3902 1444 3960 inse·

271 4019 407 4076 rendum
422 4019 481 4076 ut:
500 4017 533 4074 in
545 4016 710 4090 tragoedia
721 4017 828 4075 luctus
841 4018 892 4074 est
903 4017 1085 4090 perpetuus
1100 4015 1133 4074 in
1147 4016 1312 4076 comoedia
1323 4018 1444 4090 specta·

271 4133 379 4190 torum
392 4132 493 4190 animi
506 4146 602 4204 quam
616 4131 759 4205 primum
772 4146 791 4190 a
802 4131 848 4190 rei
857 4131 898 4189 tri
918 4131 961 4190 tis
971 4131 1164 4204 cogitatione
1173 4133 1249 4189 sunt
1258 4131 1443 4190 abducendi.

316 4246 367 4304 92.
404 4245 451 4304 Et
481 4246 618 4320 vultu,
653 4245 789 4319 Sosia,
823 4245 922 4304 adeo
954 4225 1156 4314 modesto]
1191 4244 1292 4319 „Quia
1321 4244 1445 4304 formae

270 4357 412 4418 laudatio
433 4374 507 4418 cum
526 4360 697 4418 meretrice
718 4359 895 4418 commissa
914 4360 972 4433 est,
994 4358 1196 4432 progreditur
1216 4359 1334 4418 artifex
1348 4361 1444 4434 poeta

271 4474 310 4531 ad
333 4473 492 4532 laudanda
516 4489 554 4532 ea
577 4489 658 4546 qnae
679 4475 864 4534 honestiora
884 4475 960 4532 suut
980 4488 1078 4546 quam
1097 4474 1233 4533 forma.”
1248 4473 1443 4548 Quantocius
