3230 5260
705 657 765 716 141

295 845 362 904 Hic
384 860 469 904 nunc
492 860 556 905 non
579 844 706 904 dubitat
725 844 802 917 quin
821 846 854 904 te
875 844 1048 904 ducturum
1068 858 1183 917 neges:

300 958 396 1018 Venit
419 959 596 1018 meditatus
620 958 767 1018 alicunde
790 974 833 1018 ex
855 958 923 1018 solo
947 958 1026 1018 loc0.

143 1071 193 1130 Ad
218 1072 339 1132 venit
361 1072 596 1136 meditatus
620 1072 818 1132 alicunde
842 1075 1032 1132 annotatur:
1059 1072 1193 1147 „Terror
1215 1072 1317 1132 obiur-

143 1186 250 1258 gaturi
281 1185 383 1260 patris
412 1186 552 1247 hortatio
584 1189 635 1245 est
666 1187 705 1246 ad
728 1186 983 1260 promittendum
1007 1185 1213 1259 Pamphilum
1236 1185 1319 1259 quod

42 1369 44 1375 ,
143 1298 303 1359 iubetur.”
325 1298 480 1374 Corrupta
501 1300 581 1368 haec
600 1316 703 1373 neque
723 1301 866 1366 multum
881 1298 1068 1374 proficimus
1080 1300 1171 1360 varia
1182 1298 1319 1358 lectione
1355 1381 1357 1386 ,

143 1414 363 1488 Pamphilo
410 1418 475 1489 (pro
521 1414 799 1488 Pamphilum)
847 1429 928 1487 qnae
970 1415 1021 1474 est
1062 1415 1096 1472 in
1137 1413 1318 1473 Klotziana.

123 1527 266 1588 'Sensus
300 1531 411 1588 tamen
442 1529 640 1604 perspicuus.
672 1530 801 1589 Etenim
826 1529 976 1588 dicendo:
1004 1529 1120 1604 „Venit
1143 1529 1320 1588 meditatus

143 1642 291 1701 alicunde
326 1657 367 1700 ex
398 1642 466 1702 solo
497 1643 588 1703 loco''
621 1643 746 1716 aliaque
778 1644 812 1702 in
836 1643 971 1702 eandem
1003 1644 1200 1702 sententiam
1224 1643 1321 1702 efficit

142 1755 254 1814 Davus
295 1759 332 1816 nt
370 1755 435 1816 lilio
473 1757 583 1815 futura
616 1756 672 1815 illa
706 1756 885 1830 obiurgatio
920 1772 1017 1829 quam
1052 1757 1197 1816 maxime
1231 1755 1320 1815 terri-

142 1868 218 1927 bilis
260 1869 424 1929 videatur:
468 1870 500 1929 et
542 1871 663 1929 terrore
706 1884 786 1944 opus
828 1871 878 1929 est
915 1872 952 1929 ut
986 1870 1097 1929 sedulo
1131 1869 1321 1942 Pamphilus

143 1981 289 2054 partibus
323 1983 477 2056 iungatur
511 1982 572 2041 sibi
607 1998 627 2042 a
660 1997 754 2041 servo
789 1983 969 2057 impositis:
1002 1998 1064 2057 quo
1096 1983 1183 2042 enim
1213 1983 1321 2042 maius

143 2095 246 2155 instat
280 2097 467 2171 periculum,
506 2112 542 2155 eo
578 2096 764 2170 diligentius
798 2098 924 2169 patrem
959 2096 1141 2156 simulando
1177 2097 1321 2170 decipere

145 2209 315 2269 conabitur
338 2208 433 2269 filius,

188 2436 229 2511 Π,
256 2439 285 2512 5,
321 2438 348 2496 1.
384 2437 441 2511 „ln
471 2437 532 2495 hac
562 2452 659 2496 scena
683 2439 820 2510 quatuor
843 2452 999 2510 personae
1022 2439 1092 2496 sine
1116 2437 1321 2511 inplicatione

144 2539 329 2608 intellectus
360 2550 566 2622 loquuntur.’'
598 2549 743 2609 Ridicule
774 2551 860 2611 dicta
890 2551 970 2611 haec
1001 2552 1057 2610 sed
1080 2567 1144 2611 non
1167 2552 1319 2626 obscura;

144 2665 236 2723 sine
268 2663 567 2737 implicatione
599 2663 857 2722 intellectus
889 2666 955 2723 est:
991 2664 1057 2739 „ita
1079 2666 1116 2723 ut
1139 2665 1222 2724 alter
1244 2665 1319 2724 alte·

144 2793 218 2835 rum
242 2793 306 2836 non
330 2776 523 2850 intelligat.”

189 3005 229 3080 ll,
263 3007 292 3079 6,
326 3006 355 3063 3.
391 3004 519 3062 Davum
554 3004 661 3062 solum
691 3005 855 3063 astantem
887 3005 919 3062 et
950 3020 1061 3064 secum
1085 3006 1320 3078 colloquentem

145 3118 304 3190 quaedam
346 3132 448 3177 senex
490 3117 712 3190 suspicionum
750 3117 865 3190 plenus
899 3119 1008 3191 rogat:
1046 3118 1147 3193 Quid
1181 3119 1321 3178 Davus

145 3232 309 3290 narrat?
325 3231 508 3303 Respondet
523 3230 594 3288 ille:
615 3230 755 3303 Aeque
775 3231 998 3303 quicquam
1017 3248 1124 3291 nunc
1143 3233 1320 3304 quidem.

145 3345 235 3404 Haec
258 3360 354 3403 nemo
377 3359 521 3416 unquam
545 3344 715 3418 intellexit,
741 3347 775 3403 at
798 3344 978 3418 intelligere
998 3345 1059 3403 sibi
1079 3346 1206 3405 videtur
1227 3347 1321 3406 Scho-

146 3458 259 3531 liasta;
292 3460 426 3517 annotat
458 3458 562 3516 enim:
593 3457 693 3532 „bene
724 3473 831 3517 nunc
855 3459 1038 3530 quidem:
1064 3459 1214 3519 similiter
1237 3476 1322 3519 nunc

146 3572 236 3646 nihil,
272 3575 309 3631 ut
343 3571 437 3644 paulo
472 3573 556 3644 ante,
593 3587 667 3630 cum
699 3571 798 3631 dixit:
831 3571 870 3631 id
900 3572 1080 3645 populus
1104 3575 1225 3632 curat
1248 3575 1320 3632 sci-

146 3684 282 3744 licet.”
308 3686 382 3760 Ipsa
406 3701 530 3758 quoque
554 3686 720 3744 annotatio
744 3687 825 3745 satis
845 3686 989 3762 obscura,
1012 3687 1120 3759 itaque
1140 3687 1322 3747 illustrandi

147 3819 245 3862 causa
256 3777 372 3862 moneo
389 3803 598 3861 similiter
618 3818 689 3861 esse
703 3802 1001 3876 interpretationem
1015 3803 1157 3862 adverbii
1174 3819 1320 3876 aeque3

147 3918 179 3975 et
210 3917 433 3989 quicquam
466 3916 664 3975 scholiastae
695 3916 796 3974 videri
824 3916 911 3975 idem
934 3916 1017 3988 quod
1040 3915 1159 3976 nihil.
1183 3917 1223 3975 Et
1247 3918 1321 3989 quid

148 4030 201 4089 illo
225 4046 355 4103 aeque
380 4031 410 4099 (i.
432 4047 458 4088 e.
486 4030 646 4099 similiter)
673 4029 749 4088 velit
772 4029 882 4089 Davus
906 4030 952 4089 ita
971 4031 1103 4103 exponit
1124 4029 1319 4089 Scholiasta:

150 4145 279 4219 „Davus
313 4145 391 4204 dicit
425 4144 505 4203 nihil
540 4159 643 4219 narro,
679 4145 831 4203 similiter
862 4160 946 4203 nunc
977 4145 1123 4218 ocelim,
1148 4148 1321 4204 namtum

148 4274 272 4332 quoque
308 4258 423 4317 istud
459 4257 646 4330 agebam:
683 4259 828 4316 attentus
861 4272 950 4316 eram
975 4257 1014 4316 ad
1037 4259 1070 4317 te
1094 4257 1320 4317 audiendum.'’

149 4371 193 4431 De
223 4372 278 4430 illo
310 4374 420 4431 autem
444 4374 589 4444 tempore
614 4370 795 4430 Scholiasta
817 4373 910 4444 putat
933 4370 1060 4429 Davum
1084 4371 1224 4444 cogitare
1247 4386 1321 4430 cnm

149 4499 259 4544 secum
283 4485 425 4543 dicebat:
453 4484 504 4558 „id
527 4484 663 4556 populus
687 4487 778 4543 curat
800 4484 944 4543 scilicet’'
970 4483 1050 4552 (Act.
1076 4483 1099 4558 1,
1126 4484 1154 4558 2,
1182 4485 1242 4553 14).
