3230 5260
831 643 891 703 126

271 829 383 902 putavi
414 830 489 902 quia
519 830 687 889 doctorum
709 831 837 890 mentes
861 846 957 905 saepe
981 835 1154 906 occupatas
1177 833 1270 892 video
1294 833 1441 906 supersti-

271 943 358 1002 tione
385 944 533 1018 quadam,
560 959 657 1016 quarn
680 944 782 1002 nimia
804 944 928 1018 peperit
952 944 1139 1018 disciplinae
1162 945 1444 1019 palaeographicae

272 1056 560 1130 diplomaticaeque
580 1057 761 1116 admiratio.
782 1059 876 1117 Haud
897 1074 968 1117 raro
1052 1061 1148 1133 atque
1160 1060 1194 1118 in
1206 1060 1310 1134 poetis
1322 1058 1444 1118 Latinis

271 1170 460 1243 plerumque
502 1170 533 1228 id
568 1170 684 1229 accidit
712 1203 747 1210 -
774 1171 1027 1231 venustissimae
1061 1173 1217 1232 lectiones
1251 1174 1444 1247 spernuntur

271 1284 332 1342 hoc
366 1283 473 1342 solum
508 1285 708 1359 argumento,
745 1285 828 1358 qnod
862 1285 896 1343 in
931 1286 1092 1345 codicibus
1126 1287 1275 1361 legantur
1310 1301 1444 1360 quorum
1504 1337 1507 1352 .

271 1397 378 1456 minor
412 1397 455 1456 sit
489 1398 675 1474 auctoritas,
709 1399 855 1458 codicum
885 1415 962 1459 vero
993 1401 1198 1459 vetustorum
1233 1402 1345 1475 aperta
1367 1401 1446 1459 vitia

272 1513 329 1570 aut
359 1513 522 1571 mordicus
553 1514 740 1589 retinentur,
774 1517 838 1589 aut,
871 1514 904 1574 id
927 1515 955 1573 si
978 1530 1110 1589 prorsus
1133 1513 1202 1574 fieri
1225 1516 1346 1590 nequit,
1373 1531 1444 1574 cum

272 1625 376 1684 multo
400 1626 515 1684 sudore
539 1627 635 1699 atque
659 1626 766 1686 labore
791 1628 993 1701 excogitatur
1017 1628 1137 1702 aliquid
1163 1629 1245 1702 quod
1265 1629 1442 1702 literarum,

273 1754 353 1811 quas
376 1739 410 1797 hi
432 1741 595 1814 praebent,
621 1741 665 1799 sit
688 1756 785 1813 quam
810 1741 1026 1801 simillimum.
1049 1743 1110 1801 Sed
1130 1743 1177 1802 ita
1196 1743 1250 1816 qui
1270 1745 1372 1817 agunt
1382 1759 1445 1802 non

271 1854 475 1926 perspexisse
506 1853 656 1912 videntur
686 1870 781 1913 veras
805 1856 1048 1914 emendationes
1072 1858 1186 1930 sponte
1210 1871 1245 1915 se
1268 1856 1384 1917 offerre
1406 1857 1443 1931 ei,

272 1967 326 2040 qui
349 1967 449 2026 libera
472 1969 582 2027 mente
606 1969 660 2027 diu
683 1968 887 2042 multumque
912 1970 945 2039 in
969 1969 1075 2043 aliquo
1098 1973 1194 2044 poeta
1216 1971 1268 2029 vel
1292 1972 1446 2045 scriptore

271 2081 314 2139 sit
344 2083 503 2156 versatus
536 2097 600 2140 non
631 2082 752 2141 invitas
781 2082 934 2157 protrahi,
963 2083 1099 2143 minime
1122 2099 1199 2143 vero
1223 2099 1264 2142 ex
1288 2087 1445 2158 corrupte·

271 2193 378 2254 larum
412 2196 501 2254 nasci
537 2196 762 2270 permixtione.
795 2196 893 2255 Plura
923 2197 961 2255 de
993 2198 1054 2257 hac
1077 2214 1111 2256 re
1135 2197 1197 2257 dici
1220 2200 1366 2274 possunt,
1391 2198 1446 2257 sed

272 2309 312 2366 ad
335 2309 536 2382 propositum
560 2311 701 2369 transeo

316 2424 414 2482 Andr.
447 2423 470 2498 l,
500 2425 526 2498 1,
554 2425 581 2482 1.
614 2425 749 2494 Abite]
786 2425 997 2498 ,concitatius
1027 2426 1200 2500 legendum
1232 2428 1292 2502 est,
1317 2427 1392 2500 quia
1414 2427 1446 2486 et

271 2537 492 2610 respectantes
521 2539 694 2611 properant
725 2539 757 2596 et
788 2538 942 2598 discernit
968 2555 987 2598 a
1012 2540 1134 2598 Sosia.”
1158 2540 1264 2600 Verba
1288 2542 1444 2614 corrupta,

271 2665 374 2723 neque
398 2650 501 2710 multo
521 2652 666 2724 praestat
679 2652 761 2724 qnod
774 2651 946 2710 Klotziana
958 2652 1056 2712 habet
1070 2655 1353 2727 properanter
1372 2654 1445 2712 dis·

272 2763 410 2823 cernit
435 2767 501 2837 (pro
524 2781 577 2838 pr.
604 2766 643 2824 et
667 2765 795 2834 disci:
820 2765 895 2837 quid
916 2766 1003 2825 enirn
1023 2766 1110 2825 istud
1123 2765 1304 2840 significare
1316 2768 1446 2841 potest?

271 2877 391 2936 Veram
413 2877 586 2936 lectionem
610 2893 706 2936 nemo
731 2878 938 2952 praestiterit.
964 2879 1033 2938 Hoc
1052 2896 1155 2939 unum
1175 2881 1301 2940 certum
1320 2880 1447 2940 videtur

271 3006 327 3063 pro
351 2994 581 3065 properant
604 2991 723 3064 requiri
746 2992 836 3051 verbi
860 2993 944 3065 quod
968 2993 1218 3067 increpandi
1241 2995 1309 3054 vim
1330 2995 1447 3055 habeat

271 3104 444 3178 singularis
485 3106 613 3165 numeri
653 3106 786 3165 tertiam
827 3121 1009 3180 personam.
1046 3107 1097 3166 An
1131 3108 1213 3167 forte
1247 3109 1447 3182 properat

271 3217 452 3293 legendum,
474 3220 511 3277 ut
529 3234 758 3293 properare
779 3235 913 3279 sensum
934 3221 1070 3294 accipiat
1090 3222 1234 3281 activum
1255 3223 1362 3296 sitque
1381 3223 1447 3282 fere

271 3331 358 3390 idem
383 3347 420 3390 ac
443 3335 618 3405 urgere?

317 3447 346 3505 2.
378 3445 546 3505 Dictum
576 3449 687 3520 puta]
717 3448 785 3522 ,Ad
809 3448 870 3507 hoc
893 3449 1065 3522 respondet
1087 3451 1124 3508 ut
1148 3450 1201 3523 agi
1224 3464 1276 3508 res
1299 3450 1448 3510 videatur

272 3561 545 3633 quemadmodum
576 3577 673 3634 supra
700 3561 876 3622 diximus.''
902 3564 987 3622 Sana
1010 3563 1090 3622 haec
1112 3564 1271 3638 videntur,
1297 3564 1354 3622 sed
1378 3579 1446 3623 sen-

271 3674 409 3733 tentiam
444 3675 662 3734 obscuriorem
697 3677 835 3736 reddidit
869 3678 955 3736 istud
988 3677 1149 3752 adhoc,
1176 3677 1259 3750 quod
1282 3677 1340 3737 vix
1364 3678 1446 3738 Lati·

271 3803 351 3845 num
382 3789 441 3846 est.
473 3788 543 3847 Hoc
572 3788 676 3848 voluit
710 3790 863 3863 scriptor:
892 3791 994 3864 ,quod
1018 3790 1071 3849 hic
1094 3789 1225 3850 omnino
1249 3791 1377 3864 aliquod
1401 3808 1446 3851 re-

271 3917 427 3976 sponsum
448 3901 540 3961 Sosia
559 3902 742 3979 interponit,
764 3904 798 3962 in
818 3920 856 3964 ea
872 3920 906 3963 re
926 3905 1111 3978 agnoscitur
1131 3905 1244 3978 poetae
1265 3906 1445 3985 consilium,

271 4015 418 4088 quirem
442 4017 503 4092 agi,
529 4033 593 4076 non
617 4033 636 4076 a
659 4018 727 4078 solo
752 4019 882 4078 Simone
907 4018 1031 4077 narrari
1053 4018 1188 4077 voluit.”
1214 4020 1316 4096 Supra
1336 4023 1447 4081 autem

271 4131 350 4190 haec
385 4131 471 4190 dicta
504 4133 597 4191 sunt:
632 4132 731 4207 ,haec
762 4148 860 4192 scena
883 4149 939 4206 pro
963 4134 1147 4206 argumenti
1170 4135 1355 4194 narratione
1378 4151 1446 4210 pro·

270 4243 408 4320 ponitur,
429 4245 462 4304 in
483 4261 546 4319 qua
564 4246 776 4305 fundamenta
796 4246 923 4306 fabulae
943 4247 1112 4323 iaciuntur,
1133 4249 1170 4306 ut
1189 4247 1310 4308 virtute
1321 4251 1445 4324 poetae,

271 4357 341 4416 sine
365 4358 467 4418 officio
490 4359 613 4433 prologi
636 4359 689 4418 vel
712 4363 793 4417 θεῶν
818 4357 876 4417 ἀπὸ
902 4367 1034 4436 μηχανῆς
1058 4362 1091 4419 et
1113 4361 1299 4435 periocham
1323 4376 1446 4421 comoe-

271 4472 342 4531 diae
365 4473 500 4547 populus
524 4475 635 4532 teneat
659 4474 692 4532 et
715 4489 766 4532 res
791 4475 842 4548 agi
866 4475 972 4547 magis
996 4490 1095 4547 quam
1118 4477 1242 4535 narrari
1265 4475 1445 4535 videatur.”
