<?xml version="1.0" encoding="UTF-8"?>
<!DOCTYPE html PUBLIC "-//W3C//DTD XHTML 1.0 Transitional//EN"
    "http://www.w3.org/TR/xhtml1/DTD/xhtml1-transitional.dtd">
<html xmlns="http://www.w3.org/1999/xhtml" xml:lang="en" lang="en">
 <head>
  <title>
</title>
<meta http-equiv="Content-Type" content="text/html;charset=utf-8" />
  <meta name='ocr-system' content='tesseract 3.04.00' />
  <meta name='ocr-capabilities' content='ocr_page ocr_carea ocr_par ocr_line ocrx_word'/>
</head>
<body>
  <div class='ocr_page' id='page_1' title='image "./deterentioetdon00hartgoog_0236.png"; bbox 0 0 3234 5254; ppageno 0'>
   <div class='ocr_carea' id='block_1_1' title="bbox 774 674 836 732">
    <p class='ocr_par' dir='ltr' id='par_1_1' title="bbox 774 674 836 732">
     <span class='ocr_line' id='line_1_1' title="bbox 774 674 836 732; baseline -0.016 0"><span class='ocrx_word' id='word_1_1' title='bbox 774 674 836 732; x_wconf 80' lang='lat'>221</span> 
     </span>
    </p>
   </div>
   <div class='ocr_carea' id='block_1_2' title="bbox 218 857 1394 3096">
    <p class='ocr_par' dir='ltr' id='par_1_2' title="bbox 218 857 1391 1258">
     <span class='ocr_line' id='line_1_2' title="bbox 263 857 1391 937; baseline 0.001 -19"><span class='ocrx_word' id='word_1_2' title='bbox 263 860 470 919; x_wconf 84' lang='lat' dir='ltr'>Phormio.</span> <span class='ocrx_word' id='word_1_3' title='bbox 502 858 662 935; x_wconf 78' lang='grc' dir='ltr'><strong><em>πρόσωπον</em></strong></span> <span class='ocrx_word' id='word_1_4' title='bbox 693 857 868 937; x_wconf 57' lang='lat' dir='ltr'>neomuto</span> <span class='ocrx_word' id='word_1_5' title='bbox 898 859 989 934; x_wconf 84' lang='lat' dir='ltr'>Davi,</span> <span class='ocrx_word' id='word_1_6' title='bbox 1019 858 1069 918; x_wconf 89' lang='lat' dir='ltr'>cui</span> <span class='ocrx_word' id='word_1_7' title='bbox 1093 859 1174 918; x_wconf 74' lang='lat' dir='ltr'>(leta</span> <span class='ocrx_word' id='word_1_8' title='bbox 1196 862 1306 919; x_wconf 91' lang='lat' dir='ltr'>narret</span> <span class='ocrx_word' id='word_1_9' title='bbox 1329 876 1391 933; x_wconf 92' lang='lat' dir='ltr'>quo</span> 
     </span>
     <span class='ocr_line' id='line_1_3' title="bbox 219 972 1391 1047; baseline -0.001 -15"><span class='ocrx_word' id='word_1_10' title='bbox 219 974 291 1032; x_wconf 93' lang='lat' dir='ltr'>dolo</span> <span class='ocrx_word' id='word_1_11' title='bbox 314 973 425 1034; x_wconf 86' lang='lat' dir='ltr'>herilis</span> <span class='ocrx_word' id='word_1_12' title='bbox 448 973 534 1033; x_wconf 87' lang='lat' dir='ltr'>filius</span> <span class='ocrx_word' id='word_1_13' title='bbox 557 989 636 1032; x_wconf 92' lang='lat' dir='ltr'>usus</span> <span class='ocrx_word' id='word_1_14' title='bbox 659 974 703 1032; x_wconf 90' lang='lat' dir='ltr'>sit</span> <span class='ocrx_word' id='word_1_15' title='bbox 726 976 763 1033; x_wconf 89' lang='lat' dir='ltr'>ut</span> <span class='ocrx_word' id='word_1_16' title='bbox 782 974 915 1032; x_wconf 87' lang='lat' dir='ltr'>absente</span> <span class='ocrx_word' id='word_1_17' title='bbox 934 975 1025 1047; x_wconf 89' lang='lat' dir='ltr'>patre</span> <span class='ocrx_word' id='word_1_18' title='bbox 1045 975 1190 1032; x_wconf 88' lang='lat' dir='ltr'>amatam</span> <span class='ocrx_word' id='word_1_19' title='bbox 1210 973 1272 1032; x_wconf 89' lang='lat' dir='ltr'>sibi</span> <span class='ocrx_word' id='word_1_20' title='bbox 1290 972 1391 1032; x_wconf 87' lang='lat' dir='ltr'>filiam</span> 
     </span>
     <span class='ocr_line' id='line_1_4' title="bbox 218 1085 1389 1162; baseline 0 -18"><span class='ocrx_word' id='word_1_21' title='bbox 218 1101 355 1145; x_wconf 89' lang='lat' dir='ltr'>uxorem</span> <span class='ocrx_word' id='word_1_22' title='bbox 386 1087 525 1162; x_wconf 88' lang='lat' dir='ltr'>duceret,</span> <span class='ocrx_word' id='word_1_23' title='bbox 558 1103 577 1146; x_wconf 94' lang='lat' dir='ltr'>a</span> <span class='ocrx_word' id='word_1_24' title='bbox 601 1087 749 1146; x_wconf 79' lang='lat' dir='ltr'>Terentio</span> <span class='ocrx_word' id='word_1_25' title='bbox 774 1089 824 1146; x_wconf 90' lang='lat' dir='ltr'>est</span> <span class='ocrx_word' id='word_1_26' title='bbox 847 1086 1003 1146; x_wconf 89' lang='lat' dir='ltr'>additum.</span> <span class='ocrx_word' id='word_1_27' title='bbox 1027 1103 1058 1146; x_wconf 91' lang='lat' dir='ltr'>v.</span> <span class='ocrx_word' id='word_1_28' title='bbox 1084 1085 1211 1145; x_wconf 80' lang='lat' dir='ltr'><strong>Scholia</strong></span> <span class='ocrx_word' id='word_1_29' title='bbox 1235 1087 1275 1146; x_wconf 90' lang='lat' dir='ltr'>ad</span> <span class='ocrx_word' id='word_1_30' title='bbox 1297 1102 1346 1145; x_wconf 87' lang='lat' dir='ltr'>vs.</span> <span class='ocrx_word' id='word_1_31' title='bbox 1374 1087 1389 1144; x_wconf 87' lang='lat'>1</span> 
     </span>
     <span class='ocr_line' id='line_1_5' title="bbox 218 1199 355 1258; baseline 0.015 -2"><span class='ocrx_word' id='word_1_32' title='bbox 218 1199 355 1258; x_wconf 85' lang='lat' dir='ltr'>fabulae.</span> 
     </span>
    </p>

    <p class='ocr_par' dir='ltr' id='par_1_3' title="bbox 218 1313 1393 1716">
     <span class='ocr_line' id='line_1_6' title="bbox 263 1313 1393 1388; baseline 0.001 -17"><span class='ocrx_word' id='word_1_33' title='bbox 263 1314 287 1388; x_wconf 92' lang='lat' dir='ltr'>l,</span> <span class='ocrx_word' id='word_1_34' title='bbox 314 1315 342 1388; x_wconf 80' lang='lat'>2,</span> <span class='ocrx_word' id='word_1_35' title='bbox 365 1315 417 1372; x_wconf 89' lang='grc'>41.</span> <span class='ocrx_word' id='word_1_36' title='bbox 439 1314 561 1372; x_wconf 83' lang='lat' dir='ltr'>Schol:</span> <span class='ocrx_word' id='word_1_37' title='bbox 586 1314 817 1388; x_wconf 81' lang='lat' dir='ltr'>,Apollodorus</span> <span class='ocrx_word' id='word_1_38' title='bbox 837 1316 1002 1373; x_wconf 74' lang='lat' dir='ltr'>tonsorem</span> <span class='ocrx_word' id='word_1_39' title='bbox 1024 1315 1130 1388; x_wconf 90' lang='lat' dir='ltr'>ipsum</span> <span class='ocrx_word' id='word_1_40' title='bbox 1151 1313 1302 1373; x_wconf 91' lang='lat' dir='ltr'>nuntium</span> <span class='ocrx_word' id='word_1_41' title='bbox 1314 1313 1393 1372; x_wconf 83' lang='lat' dir='ltr'>facit</span> 
     </span>
     <span class='ocr_line' id='line_1_7' title="bbox 219 1427 1392 1503; baseline -0.002 -17"><span class='ocrx_word' id='word_1_42' title='bbox 219 1428 273 1500; x_wconf 91' lang='lat' dir='ltr'>qui</span> <span class='ocrx_word' id='word_1_43' title='bbox 297 1428 383 1487; x_wconf 90' lang='lat' dir='ltr'>dicat</span> <span class='ocrx_word' id='word_1_44' title='bbox 406 1443 441 1486; x_wconf 90' lang='lat' dir='ltr'>se</span> <span class='ocrx_word' id='word_1_45' title='bbox 465 1443 566 1502; x_wconf 87' lang='lat' dir='ltr'>nuper</span> <span class='ocrx_word' id='word_1_46' title='bbox 589 1428 714 1501; x_wconf 88' lang='lat' dir='ltr'>puellae</span> <span class='ocrx_word' id='word_1_47' title='bbox 739 1444 867 1488; x_wconf 89' lang='lat' dir='ltr'>comam</span> <span class='ocrx_word' id='word_1_48' title='bbox 891 1429 930 1487; x_wconf 92' lang='lat' dir='ltr'>ob</span> <span class='ocrx_word' id='word_1_49' title='bbox 955 1429 1080 1487; x_wconf 93' lang='lat' dir='ltr'>luctum</span> <span class='ocrx_word' id='word_1_50' title='bbox 1104 1427 1287 1503; x_wconf 87' lang='lat' dir='ltr'>abstulisse,</span> <span class='ocrx_word' id='word_1_51' title='bbox 1308 1428 1392 1499; x_wconf 91' lang='lat' dir='ltr'>quod</span> 
     </span>
     <span class='ocr_line' id='line_1_8' title="bbox 218 1541 1390 1616; baseline 0.001 -17"><span class='ocrx_word' id='word_1_52' title='bbox 218 1541 285 1600; x_wconf 90' lang='lat' dir='ltr'>scio</span> <span class='ocrx_word' id='word_1_53' title='bbox 312 1542 458 1601; x_wconf 87' lang='lat' dir='ltr'>mutasse</span> <span class='ocrx_word' id='word_1_54' title='bbox 482 1542 669 1601; x_wconf 85' lang='lat' dir='ltr'>Terentium</span> <span class='ocrx_word' id='word_1_55' title='bbox 693 1558 733 1602; x_wconf 92' lang='lat' dir='ltr'>ne</span> <span class='ocrx_word' id='word_1_56' title='bbox 758 1542 901 1601; x_wconf 91' lang='lat' dir='ltr'>externis</span> <span class='ocrx_word' id='word_1_57' title='bbox 925 1543 1069 1601; x_wconf 90' lang='lat' dir='ltr'>moribus</span> <span class='ocrx_word' id='word_1_58' title='bbox 1093 1542 1310 1616; x_wconf 79' lang='lat' dir='ltr'>spectatorem</span> <span class='ocrx_word' id='word_1_59' title='bbox 1333 1541 1390 1600; x_wconf 88' lang='lat' dir='ltr'>Ro·</span> 
     </span>
     <span class='ocr_line' id='line_1_9' title="bbox 218 1655 582 1716; baseline 0.005 -3"><span class='ocrx_word' id='word_1_60' title='bbox 218 1670 354 1714; x_wconf 89' lang='lat' dir='ltr'>manum</span> <span class='ocrx_word' id='word_1_61' title='bbox 375 1655 582 1716; x_wconf 87' lang='lat' dir='ltr'>offenderet.”</span> 
     </span>
    </p>

    <p class='ocr_par' dir='ltr' id='par_1_4' title="bbox 219 1770 1393 2297">
     <span class='ocr_line' id='line_1_10' title="bbox 263 1770 1393 1846; baseline 0.002 -18"><span class='ocrx_word' id='word_1_62' title='bbox 263 1770 316 1846; x_wconf 87' lang='lat' dir='ltr'>IV,</span> <span class='ocrx_word' id='word_1_63' title='bbox 354 1771 383 1844; x_wconf 85' lang='lat'>3,</span> <span class='ocrx_word' id='word_1_64' title='bbox 419 1771 472 1830; x_wconf 82' lang='lat'>42.</span> <span class='ocrx_word' id='word_1_65' title='bbox 508 1772 690 1844; x_wconf 79' lang='lat' dir='ltr'>Argentum</span> <span class='ocrx_word' id='word_1_66' title='bbox 725 1773 935 1831; x_wconf 89' lang='lat' dir='ltr'>emuncturus</span> <span class='ocrx_word' id='word_1_67' title='bbox 970 1772 1102 1831; x_wconf 90' lang='lat' dir='ltr'>senibus</span> <span class='ocrx_word' id='word_1_68' title='bbox 1136 1771 1330 1844; x_wconf 84' lang='lat' dir='ltr'>Demiphoni</span> <span class='ocrx_word' id='word_1_69' title='bbox 1361 1773 1393 1830; x_wconf 90' lang='lat' dir='ltr'>et</span> 
     </span>
     <span class='ocr_line' id='line_1_11' title="bbox 219 1883 1393 1958; baseline 0.001 -16"><span class='ocrx_word' id='word_1_70' title='bbox 219 1883 383 1942; x_wconf 81' lang='lat' dir='ltr'>Chremeti</span> <span class='ocrx_word' id='word_1_71' title='bbox 395 1883 476 1943; x_wconf 85' lang='lat' dir='ltr'>Geta</span> <span class='ocrx_word' id='word_1_72' title='bbox 488 1899 523 1942; x_wconf 93' lang='lat' dir='ltr'>se</span> <span class='ocrx_word' id='word_1_73' title='bbox 536 1900 611 1942; x_wconf 93' lang='lat' dir='ltr'>cum</span> <span class='ocrx_word' id='word_1_74' title='bbox 623 1885 817 1944; x_wconf 92' lang='lat' dir='ltr'>Phormione</span> <span class='ocrx_word' id='word_1_75' title='bbox 831 1885 1025 1944; x_wconf 89' lang='lat' dir='ltr'>collocutum</span> <span class='ocrx_word' id='word_1_76' title='bbox 1038 1888 1149 1945; x_wconf 89' lang='lat' dir='ltr'>narrat</span> <span class='ocrx_word' id='word_1_77' title='bbox 1161 1886 1199 1944; x_wconf 91' lang='lat' dir='ltr'>de</span> <span class='ocrx_word' id='word_1_78' title='bbox 1212 1885 1393 1958; x_wconf 91' lang='lat' dir='ltr'>recipienda</span> 
     </span>
     <span class='ocr_line' id='line_1_12' title="bbox 219 1997 1392 2072; baseline 0 -15"><span class='ocrx_word' id='word_1_79' title='bbox 219 1999 356 2071; x_wconf 90' lang='lat' dir='ltr'>cognata</span> <span class='ocrx_word' id='word_1_80' title='bbox 386 2013 484 2070; x_wconf 89' lang='lat' dir='ltr'>quam</span> <span class='ocrx_word' id='word_1_81' title='bbox 515 1998 569 2056; x_wconf 90' lang='lat' dir='ltr'>ille</span> <span class='ocrx_word' id='word_1_82' title='bbox 592 1997 771 2071; x_wconf 86' lang='lat' dir='ltr'>Antiphoni</span> <span class='ocrx_word' id='word_1_83' title='bbox 793 2014 929 2057; x_wconf 90' lang='lat' dir='ltr'>uxorem</span> <span class='ocrx_word' id='word_1_84' title='bbox 957 1999 1140 2058; x_wconf 87' lang='lat' dir='ltr'>obtruserit.</span> <span class='ocrx_word' id='word_1_85' title='bbox 1168 2000 1231 2072; x_wconf 87' lang='lat' dir='ltr'>,At</span> <span class='ocrx_word' id='word_1_86' title='bbox 1254 1999 1392 2057; x_wconf 90' lang='lat' dir='ltr'>nimium</span> 
     </span>
     <span class='ocr_line' id='line_1_13' title="bbox 219 2111 1392 2185; baseline 0.001 -17"><span class='ocrx_word' id='word_1_87' title='bbox 219 2112 397 2184; x_wconf 89' lang='lat' dir='ltr'>quantum”</span> <span class='ocrx_word' id='word_1_88' title='bbox 423 2126 537 2170; x_wconf 84' lang='lat' dir='ltr'>servus</span> <span class='ocrx_word' id='word_1_89' title='bbox 562 2111 608 2170; x_wconf 89' lang='lat' dir='ltr'>ait</span> <span class='ocrx_word' id='word_1_90' title='bbox 634 2112 779 2185; x_wconf 79' lang='lat' dir='ltr'>„argenti</span> <span class='ocrx_word' id='word_1_91' title='bbox 802 2112 987 2185; x_wconf 90' lang='lat' dir='ltr'>postulabat</span> <span class='ocrx_word' id='word_1_92' title='bbox 1011 2113 1074 2171; x_wconf 88' lang='lat' dir='ltr'>ille.</span> <span class='ocrx_word' id='word_1_93' title='bbox 1099 2111 1173 2170; x_wconf 83' lang='lat' dir='ltr'>Dixi</span> <span class='ocrx_word' id='word_1_94' title='bbox 1198 2127 1290 2184; x_wconf 89' lang='lat' dir='ltr'>ergo:</span> <span class='ocrx_word' id='word_1_95' title='bbox 1315 2127 1392 2170; x_wconf 92' lang='lat' dir='ltr'>nun·</span> 
     </span>
     <span class='ocr_line' id='line_1_14' title="bbox 219 2217 951 2297; baseline 0.003 -15"><span class='ocrx_word' id='word_1_96' title='bbox 219 2240 317 2297; x_wconf 90' lang='lat' dir='ltr'>quam</span> <span class='ocrx_word' id='word_1_97' title='bbox 341 2241 442 2284; x_wconf 85' lang='lat' dir='ltr'>senex</span> <span class='ocrx_word' id='word_1_98' title='bbox 466 2241 560 2284; x_wconf 88' lang='lat' dir='ltr'>meus</span> <span class='ocrx_word' id='word_1_99' title='bbox 583 2227 713 2284; x_wconf 87' lang='lat' dir='ltr'>tautum</span> <span class='ocrx_word' id='word_1_100' title='bbox 737 2217 861 2284; x_wconf 52' lang='lat' dir='ltr'>dabit!</span> <span class='ocrx_word' id='word_1_101' title='bbox 949 2291 951 2296; x_wconf 54' lang='grc'>,</span> 
     </span>
    </p>

    <p class='ocr_par' dir='ltr' id='par_1_5' title="bbox 218 2337 1394 3096">
     <span class='ocr_line' id='line_1_15' title="bbox 730 2337 1125 2414; baseline 0.003 -15"><span class='ocrx_word' id='word_1_102' title='bbox 730 2356 850 2413; x_wconf 84' lang='lat' dir='ltr'>quaeso</span> <span class='ocrx_word' id='word_1_103' title='bbox 874 2341 949 2414; x_wconf 90' lang='lat' dir='ltr'>quid</span> <span class='ocrx_word' id='word_1_104' title='bbox 972 2342 1000 2400; x_wconf 89' lang='lat' dir='ltr'>si</span> <span class='ocrx_word' id='word_1_105' title='bbox 1023 2337 1125 2401; x_wconf 87' lang='lat' dir='ltr'>tiliam</span> 
     </span>
     <span class='ocr_line' id='line_1_16' title="bbox 364 2454 1233 2542; baseline 0.002 -30"><span class='ocrx_word' id='word_1_106' title='bbox 364 2454 464 2512; x_wconf 83' lang='lat' dir='ltr'>Suam</span> <span class='ocrx_word' id='word_1_107' title='bbox 487 2454 618 2513; x_wconf 87' lang='lat' dir='ltr'>unicam</span> <span class='ocrx_word' id='word_1_108' title='bbox 641 2454 786 2513; x_wconf 87' lang='lat' dir='ltr'>locaret?</span> <span class='ocrx_word' id='word_1_109' title='bbox 808 2454 901 2528; x_wconf 86' lang='lat' dir='ltr'>parvi</span> <span class='ocrx_word' id='word_1_110' title='bbox 924 2455 1036 2514; x_wconf 90' lang='lat' dir='ltr'>retulit</span> <span class='ocrx_word' id='word_1_111' title='bbox 1230 2535 1233 2542; x_wconf 24' lang='lat'><strong><em>¹</em></strong></span> 
     </span>
     <span class='ocr_line' id='line_1_17' title="bbox 362 2567 1280 2642; baseline 0 -16"><span class='ocrx_word' id='word_1_112' title='bbox 362 2567 433 2626; x_wconf 89' lang='lat' dir='ltr'>Non</span> <span class='ocrx_word' id='word_1_113' title='bbox 456 2567 655 2642; x_wconf 80' lang='lat' dir='ltr'>suscepisse:</span> <span class='ocrx_word' id='word_1_114' title='bbox 680 2568 814 2627; x_wconf 85' lang='lat' dir='ltr'>inventa</span> <span class='ocrx_word' id='word_1_115' title='bbox 838 2570 888 2627; x_wconf 92' lang='lat' dir='ltr'>est</span> <span class='ocrx_word' id='word_1_116' title='bbox 912 2583 993 2641; x_wconf 90' lang='lat' dir='ltr'>quae</span> <span class='ocrx_word' id='word_1_117' title='bbox 1018 2569 1126 2627; x_wconf 86' lang='lat' dir='ltr'>dotem</span> <span class='ocrx_word' id='word_1_118' title='bbox 1151 2569 1280 2641; x_wconf 86' lang='lat' dir='ltr'>petat!”</span> 
     </span>
     <span class='ocr_line' id='line_1_18' title="bbox 219 2679 1394 2756; baseline 0.003 -19"><span class='ocrx_word' id='word_1_119' title='bbox 219 2679 312 2754; x_wconf 84' lang='lat' dir='ltr'>Apud</span> <span class='ocrx_word' id='word_1_120' title='bbox 334 2681 565 2754; x_wconf 89' lang='lat' dir='ltr'>Apollodorum</span> <span class='ocrx_word' id='word_1_121' title='bbox 588 2683 698 2740; x_wconf 88' lang='lat' dir='ltr'>autem</span> <span class='ocrx_word' id='word_1_122' title='bbox 722 2696 835 2741; x_wconf 90' lang='lat' dir='ltr'>senem</span> <span class='ocrx_word' id='word_1_123' title='bbox 859 2681 967 2754; x_wconf 90' lang='lat' dir='ltr'>ipsum</span> <span class='ocrx_word' id='word_1_124' title='bbox 991 2682 1112 2740; x_wconf 89' lang='lat' dir='ltr'>dicere:</span> <span class='ocrx_word' id='word_1_125' title='bbox 1140 2682 1234 2756; x_wconf 87' lang='lat' dir='ltr'>,quid</span> <span class='ocrx_word' id='word_1_126' title='bbox 1258 2681 1394 2740; x_wconf 89' lang='lat' dir='ltr'>interest</span> 
     </span>
     <span class='ocr_line' id='line_1_19' title="bbox 219 2793 1392 2869; baseline -0.001 -16"><span class='ocrx_word' id='word_1_127' title='bbox 219 2810 272 2853; x_wconf 91' lang='lat' dir='ltr'>me</span> <span class='ocrx_word' id='word_1_128' title='bbox 299 2810 364 2854; x_wconf 90' lang='lat' dir='ltr'>non</span> <span class='ocrx_word' id='word_1_129' title='bbox 386 2794 569 2868; x_wconf 87' lang='lat' dir='ltr'>suscepisse</span> <span class='ocrx_word' id='word_1_130' title='bbox 592 2793 703 2869; x_wconf 89' lang='lat' dir='ltr'>filiam,</span> <span class='ocrx_word' id='word_1_131' title='bbox 729 2795 757 2854; x_wconf 90' lang='lat' dir='ltr'>si</span> <span class='ocrx_word' id='word_1_132' title='bbox 780 2796 876 2853; x_wconf 93' lang='lat' dir='ltr'>modo</span> <span class='ocrx_word' id='word_1_133' title='bbox 900 2795 957 2854; x_wconf 89' lang='lat' dir='ltr'>dos</span> <span class='ocrx_word' id='word_1_134' title='bbox 981 2795 1109 2853; x_wconf 87' lang='lat' dir='ltr'>dabitur</span> <span class='ocrx_word' id='word_1_135' title='bbox 1132 2794 1277 2853; x_wconf 87' lang='lat' dir='ltr'>alienae”</span> <span class='ocrx_word' id='word_1_136' title='bbox 1299 2795 1392 2853; x_wconf 87' lang='lat' dir='ltr'>Scho-</span> 
     </span>
     <span class='ocr_line' id='line_1_20' title="bbox 218 2908 1392 2982; baseline 0.001 -15"><span class='ocrx_word' id='word_1_137' title='bbox 218 2909 315 2968; x_wconf 88' lang='lat' dir='ltr'>liasta</span> <span class='ocrx_word' id='word_1_138' title='bbox 349 2909 451 2968; x_wconf 92' lang='lat' dir='ltr'>docet.</span> <span class='ocrx_word' id='word_1_139' title='bbox 486 2909 596 2982; x_wconf 90' lang='lat' dir='ltr'>Neque</span> <span class='ocrx_word' id='word_1_140' title='bbox 630 2911 739 2982; x_wconf 89' lang='lat' dir='ltr'>posset</span> <span class='ocrx_word' id='word_1_141' title='bbox 775 2909 879 2967; x_wconf 87' lang='lat' dir='ltr'>dicere</span> <span class='ocrx_word' id='word_1_142' title='bbox 914 2909 977 2967; x_wconf 90' lang='lat' dir='ltr'>nisi</span> <span class='ocrx_word' id='word_1_143' title='bbox 1007 2910 1096 2967; x_wconf 90' lang='lat' dir='ltr'>totus</span> <span class='ocrx_word' id='word_1_144' title='bbox 1126 2908 1216 2968; x_wconf 92' lang='lat' dir='ltr'>locus</span> <span class='ocrx_word' id='word_1_145' title='bbox 1240 2908 1334 2967; x_wconf 86' lang='lat' dir='ltr'>aliter</span> <span class='ocrx_word' id='word_1_146' title='bbox 1357 2924 1392 2968; x_wconf 92' lang='lat' dir='ltr'>se</span> 
     </span>
     <span class='ocr_line' id='line_1_21' title="bbox 219 3021 1161 3096; baseline 0.001 -17"><span class='ocrx_word' id='word_1_147' title='bbox 219 3023 302 3095; x_wconf 88' lang='lat' dir='ltr'>apud</span> <span class='ocrx_word' id='word_1_148' title='bbox 325 3022 555 3096; x_wconf 84' lang='lat' dir='ltr'>Apollodorum</span> <span class='ocrx_word' id='word_1_149' title='bbox 578 3037 677 3094; x_wconf 90' lang='lat' dir='ltr'>quam</span> <span class='ocrx_word' id='word_1_150' title='bbox 701 3022 784 3095; x_wconf 91' lang='lat' dir='ltr'>apud</span> <span class='ocrx_word' id='word_1_151' title='bbox 808 3021 995 3080; x_wconf 82' lang='lat' dir='ltr'>Terentium</span> <span class='ocrx_word' id='word_1_152' title='bbox 1019 3021 1161 3080; x_wconf 88' lang='lat' dir='ltr'>haberet.</span> 
     </span>
    </p>
   </div>
   <div class='ocr_carea' id='block_1_3' title="bbox 163 3251 1394 4577">
    <p class='ocr_par' dir='ltr' id='par_1_6' title="bbox 163 3251 1394 4577">
     <span class='ocr_line' id='line_1_22' title="bbox 263 3251 1391 3326; baseline 0.002 -16"><span class='ocrx_word' id='word_1_153' title='bbox 263 3252 356 3312; x_wconf 92' lang='lat' dir='ltr'>Haud</span> <span class='ocrx_word' id='word_1_154' title='bbox 387 3267 490 3325; x_wconf 86' lang='lat' dir='ltr'>pauca</span> <span class='ocrx_word' id='word_1_155' title='bbox 513 3266 589 3326; x_wconf 90' lang='lat' dir='ltr'>ergo</span> <span class='ocrx_word' id='word_1_156' title='bbox 612 3267 698 3310; x_wconf 87' lang='lat' dir='ltr'>nova</span> <span class='ocrx_word' id='word_1_157' title='bbox 721 3251 891 3310; x_wconf 87' lang='lat' dir='ltr'>Terentius</span> <span class='ocrx_word' id='word_1_158' title='bbox 914 3251 983 3325; x_wconf 90' lang='lat' dir='ltr'>ipse</span> <span class='ocrx_word' id='word_1_159' title='bbox 1006 3251 1075 3310; x_wconf 88' lang='lat' dir='ltr'>suis</span> <span class='ocrx_word' id='word_1_160' title='bbox 1098 3252 1235 3310; x_wconf 89' lang='lat' dir='ltr'>inseruit</span> <span class='ocrx_word' id='word_1_161' title='bbox 1257 3252 1391 3325; x_wconf 84' lang='lat' dir='ltr'>fabulis3</span> 
     </span>
     <span class='ocr_line' id='line_1_23' title="bbox 219 3365 1394 3441; baseline 0.003 -17"><span class='ocrx_word' id='word_1_162' title='bbox 219 3381 332 3425; x_wconf 87' lang='lat' dir='ltr'>earum</span> <span class='ocrx_word' id='word_1_163' title='bbox 366 3367 564 3440; x_wconf 88' lang='lat' dir='ltr'>paucissima</span> <span class='ocrx_word' id='word_1_164' title='bbox 597 3366 689 3439; x_wconf 91' lang='lat' dir='ltr'>parvi</span> <span class='ocrx_word' id='word_1_165' title='bbox 720 3368 797 3425; x_wconf 89' lang='lat' dir='ltr'>sunt</span> <span class='ocrx_word' id='word_1_166' title='bbox 827 3365 995 3440; x_wconf 89' lang='lat' dir='ltr'>momenti,</span> <span class='ocrx_word' id='word_1_167' title='bbox 1024 3366 1116 3439; x_wconf 90' lang='lat' dir='ltr'>plura</span> <span class='ocrx_word' id='word_1_168' title='bbox 1140 3366 1260 3440; x_wconf 88' lang='lat' dir='ltr'>gravia,</span> <span class='ocrx_word' id='word_1_169' title='bbox 1286 3367 1394 3441; x_wconf 90' lang='lat' dir='ltr'>aliqua</span> 
     </span>
     <span class='ocr_line' id='line_1_24' title="bbox 221 3478 1393 3553; baseline 0.002 -15"><span class='ocrx_word' id='word_1_170' title='bbox 221 3495 295 3538; x_wconf 90' lang='lat' dir='ltr'>vero</span> <span class='ocrx_word' id='word_1_171' title='bbox 319 3481 523 3553; x_wconf 82' lang='lat' dir='ltr'>gravissima.</span> <span class='ocrx_word' id='word_1_172' title='bbox 549 3479 706 3539; x_wconf 88' lang='lat' dir='ltr'>Omnibus</span> <span class='ocrx_word' id='word_1_173' title='bbox 726 3481 836 3538; x_wconf 89' lang='lat' dir='ltr'>autem</span> <span class='ocrx_word' id='word_1_174' title='bbox 856 3479 920 3537; x_wconf 88' lang='lat' dir='ltr'>illis</span> <span class='ocrx_word' id='word_1_175' title='bbox 940 3478 1034 3538; x_wconf 91' lang='lat' dir='ltr'>novis</span> <span class='ocrx_word' id='word_1_176' title='bbox 1054 3479 1255 3538; x_wconf 88' lang='lat' dir='ltr'>ornamentis</span> <span class='ocrx_word' id='word_1_177' title='bbox 1266 3480 1393 3540; x_wconf 83' lang='lat' dir='ltr'>fabulae</span> 
     </span>
     <span class='ocr_line' id='line_1_25' title="bbox 219 3592 1393 3668; baseline 0.003 -18"><span class='ocrx_word' id='word_1_178' title='bbox 219 3593 362 3652; x_wconf 89' lang='lat' dir='ltr'>redditae</span> <span class='ocrx_word' id='word_1_179' title='bbox 389 3598 466 3653; x_wconf 88' lang='lat' dir='ltr'>sunt</span> <span class='ocrx_word' id='word_1_180' title='bbox 488 3594 667 3668; x_wconf 72' lang='lat' dir='ltr'>lepidiores</span> <span class='ocrx_word' id='word_1_181' title='bbox 694 3593 843 3665; x_wconf 90' lang='lat' dir='ltr'>vitaeque</span> <span class='ocrx_word' id='word_1_182' title='bbox 867 3592 1005 3651; x_wconf 87' lang='lat' dir='ltr'>accessit</span> <span class='ocrx_word' id='word_1_183' title='bbox 1027 3594 1236 3667; x_wconf 90' lang='lat' dir='ltr'>permultum,</span> <span class='ocrx_word' id='word_1_184' title='bbox 1261 3594 1393 3668; x_wconf 88' lang='lat' dir='ltr'>solaque</span> 
     </span>
     <span class='ocr_line' id='line_1_26' title="bbox 220 3705 1393 3778; baseline 0.003 -15"><span class='ocrx_word' id='word_1_185' title='bbox 220 3720 301 3778; x_wconf 90' lang='lat' dir='ltr'>quae</span> <span class='ocrx_word' id='word_1_186' title='bbox 335 3706 416 3765; x_wconf 92' lang='lat' dir='ltr'>nihil</span> <span class='ocrx_word' id='word_1_187' title='bbox 450 3706 674 3766; x_wconf 88' lang='lat' dir='ltr'>huiuscemodi</span> <span class='ocrx_word' id='word_1_188' title='bbox 707 3705 806 3766; x_wconf 87' lang='lat' dir='ltr'>hahet</span> <span class='ocrx_word' id='word_1_189' title='bbox 840 3705 1063 3765; x_wconf 92' lang='lat' dir='ltr'>Heautontim.</span> <span class='ocrx_word' id='word_1_190' title='bbox 1096 3707 1212 3765; x_wconf 86' lang='lat' dir='ltr'>ceteris</span> <span class='ocrx_word' id='word_1_191' title='bbox 1243 3708 1393 3767; x_wconf 90' lang='lat' dir='ltr'>omnibus</span> 
     </span>
     <span class='ocr_line' id='line_1_27' title="bbox 220 3819 1393 3893; baseline 0.002 -15"><span class='ocrx_word' id='word_1_192' title='bbox 220 3821 270 3878; x_wconf 89' lang='lat' dir='ltr'>est</span> <span class='ocrx_word' id='word_1_193' title='bbox 311 3819 490 3893; x_wconf 82' lang='lat' dir='ltr'>languidior</span> <span class='ocrx_word' id='word_1_194' title='bbox 532 3820 718 3893; x_wconf 86' lang='lat' dir='ltr'>exiliorque.</span> <span class='ocrx_word' id='word_1_195' title='bbox 758 3821 895 3878; x_wconf 89' lang='lat' dir='ltr'>Novas</span> <span class='ocrx_word' id='word_1_196' title='bbox 931 3821 1070 3878; x_wconf 86' lang='lat' dir='ltr'>autem</span> <span class='ocrx_word' id='word_1_197' title='bbox 1104 3835 1309 3892; x_wconf 87' lang='lat' dir='ltr'>personas</span> <span class='ocrx_word' id='word_1_198' title='bbox 1345 3823 1393 3891; x_wconf 86' lang='lat' dir='ltr'>(de</span> 
     </span>
     <span class='ocr_line' id='line_1_28' title="bbox 219 3932 1393 4008; baseline 0.003 -18"><span class='ocrx_word' id='word_1_199' title='bbox 219 3938 403 4008; x_wconf 73' lang='grc' dir='ltr'><strong><em>προτατικοῑς</em></strong></span> <span class='ocrx_word' id='word_1_200' title='bbox 424 3935 484 3993; x_wconf 89' lang='lat' dir='ltr'>hoc</span> <span class='ocrx_word' id='word_1_201' title='bbox 504 3948 569 3992; x_wconf 92' lang='lat' dir='ltr'>non</span> <span class='ocrx_word' id='word_1_202' title='bbox 588 3933 686 4003; x_wconf 80' lang='lat' dir='ltr'>valet)</span> <span class='ocrx_word' id='word_1_203' title='bbox 707 3948 872 4005; x_wconf 89' lang='lat' dir='ltr'>novasque</span> <span class='ocrx_word' id='word_1_204' title='bbox 888 3947 1003 3991; x_wconf 88' lang='lat' dir='ltr'>scenas</span> <span class='ocrx_word' id='word_1_205' title='bbox 1015 3932 1232 3992; x_wconf 88' lang='lat' dir='ltr'>introducenti</span> <span class='ocrx_word' id='word_1_206' title='bbox 1244 3933 1393 3994; x_wconf 80' lang='lat' dir='ltr'>Terentio</span> 
     </span>
     <span class='ocr_line' id='line_1_29' title="bbox 163 4046 1392 4121; baseline 0.002 -17"><span class='ocrx_word' id='word_1_207' title='bbox 163 4099 172 4118; x_wconf 80' lang='grc'>,</span> <span class='ocrx_word' id='word_1_208' title='bbox 220 4048 378 4119; x_wconf 88' lang='lat' dir='ltr'>quantum</span> <span class='ocrx_word' id='word_1_209' title='bbox 412 4049 580 4120; x_wconf 89' lang='lat' dir='ltr'>praeterea</span> <span class='ocrx_word' id='word_1_210' title='bbox 613 4046 711 4105; x_wconf 83' lang='lat' dir='ltr'>fuerit</span> <span class='ocrx_word' id='word_1_211' title='bbox 745 4046 987 4105; x_wconf 91' lang='lat' dir='ltr'>immutandum</span> <span class='ocrx_word' id='word_1_212' title='bbox 1022 4047 1055 4104; x_wconf 92' lang='lat' dir='ltr'>in</span> <span class='ocrx_word' id='word_1_213' title='bbox 1085 4046 1213 4104; x_wconf 86' lang='lat' dir='ltr'>fabulae</span> <span class='ocrx_word' id='word_1_214' title='bbox 1237 4050 1392 4121; x_wconf 86' lang='lat' dir='ltr'>composi-</span> 
     </span>
     <span class='ocr_line' id='line_1_30' title="bbox 219 4159 1394 4235; baseline 0.003 -17"><span class='ocrx_word' id='word_1_215' title='bbox 219 4160 307 4219; x_wconf 89' lang='lat' dir='ltr'>tione</span> <span class='ocrx_word' id='word_1_216' title='bbox 331 4176 490 4234; x_wconf 84' lang='lat' dir='ltr'>exponere</span> <span class='ocrx_word' id='word_1_217' title='bbox 514 4161 597 4220; x_wconf 92' lang='lat' dir='ltr'>nolo.</span> <span class='ocrx_word' id='word_1_218' title='bbox 622 4160 788 4219; x_wconf 86' lang='lat' dir='ltr'>Eiusmodi</span> <span class='ocrx_word' id='word_1_219' title='bbox 812 4160 899 4218; x_wconf 89' lang='lat' dir='ltr'>enim</span> <span class='ocrx_word' id='word_1_220' title='bbox 920 4159 1154 4232; x_wconf 90' lang='lat' dir='ltr'>disputationes</span> <span class='ocrx_word' id='word_1_221' title='bbox 1174 4175 1238 4219; x_wconf 93' lang='lat' dir='ltr'>non</span> <span class='ocrx_word' id='word_1_222' title='bbox 1258 4165 1394 4235; x_wconf 86' lang='lat' dir='ltr'>possunt</span> 
     </span>
     <span class='ocr_line' id='line_1_31' title="bbox 220 4272 1391 4349; baseline 0 -15"><span class='ocrx_word' id='word_1_223' title='bbox 220 4290 284 4334; x_wconf 91' lang='lat' dir='ltr'>non</span> <span class='ocrx_word' id='word_1_224' title='bbox 308 4291 380 4334; x_wconf 88' lang='lat' dir='ltr'>esse</span> <span class='ocrx_word' id='word_1_225' title='bbox 403 4276 489 4334; x_wconf 87' lang='lat' dir='ltr'>lectu</span> <span class='ocrx_word' id='word_1_226' title='bbox 513 4273 729 4347; x_wconf 88' lang='lat' dir='ltr'>difficillimae,</span> <span class='ocrx_word' id='word_1_227' title='bbox 751 4273 784 4331; x_wconf 92' lang='lat' dir='ltr'>in</span> <span class='ocrx_word' id='word_1_228' title='bbox 803 4272 1025 4346; x_wconf 87' lang='lat' dir='ltr'>labyrinthum</span> <span class='ocrx_word' id='word_1_229' title='bbox 1045 4273 1201 4332; x_wconf 89' lang='lat' dir='ltr'>inducunt</span> <span class='ocrx_word' id='word_1_230' title='bbox 1220 4274 1391 4349; x_wconf 90' lang='lat' dir='ltr'>lectorem;</span> 
     </span>
     <span class='ocr_line' id='line_1_32' title="bbox 220 4385 1393 4461; baseline 0.002 -16"><span class='ocrx_word' id='word_1_231' title='bbox 220 4390 316 4461; x_wconf 90' lang='lat' dir='ltr'>atque</span> <span class='ocrx_word' id='word_1_232' title='bbox 339 4388 399 4447; x_wconf 88' lang='lat' dir='ltr'>hoc</span> <span class='ocrx_word' id='word_1_233' title='bbox 422 4389 492 4446; x_wconf 89' lang='lat' dir='ltr'>loco</span> <span class='ocrx_word' id='word_1_234' title='bbox 515 4387 667 4446; x_wconf 88' lang='lat' dir='ltr'>utilitatis</span> <span class='ocrx_word' id='word_1_235' title='bbox 690 4385 808 4444; x_wconf 87' lang='lat' dir='ltr'>habere</span> <span class='ocrx_word' id='word_1_236' title='bbox 832 4385 912 4444; x_wconf 90' lang='lat' dir='ltr'>nihil</span> <span class='ocrx_word' id='word_1_237' title='bbox 935 4387 1080 4460; x_wconf 88' lang='lat' dir='ltr'>possunt,</span> <span class='ocrx_word' id='word_1_238' title='bbox 1105 4400 1179 4445; x_wconf 88' lang='lat' dir='ltr'>cum</span> <span class='ocrx_word' id='word_1_239' title='bbox 1203 4402 1255 4445; x_wconf 86' lang='lat' dir='ltr'>res</span> <span class='ocrx_word' id='word_1_240' title='bbox 1278 4391 1393 4460; x_wconf 91' lang='lat' dir='ltr'>sponte</span> 
     </span>
     <span class='ocr_line' id='line_1_33' title="bbox 221 4499 1391 4577; baseline -0.001 -16"><span class='ocrx_word' id='word_1_241' title='bbox 221 4506 382 4576; x_wconf 88' lang='lat' dir='ltr'>appareat.</span> <span class='ocrx_word' id='word_1_242' title='bbox 422 4501 532 4559; x_wconf 89' lang='lat' dir='ltr'>Unum</span> <span class='ocrx_word' id='word_1_243' title='bbox 567 4500 628 4558; x_wconf 92' lang='lat' dir='ltr'>hoc</span> <span class='ocrx_word' id='word_1_244' title='bbox 661 4499 731 4558; x_wconf 91' lang='lat' dir='ltr'>dico</span> <span class='ocrx_word' id='word_1_245' title='bbox 765 4514 926 4572; x_wconf 89' lang='lat' dir='ltr'>nusquam</span> <span class='ocrx_word' id='word_1_246' title='bbox 962 4515 1114 4572; x_wconf 88' lang='lat' dir='ltr'>apparere</span> <span class='ocrx_word' id='word_1_247' title='bbox 1149 4501 1391 4577; x_wconf 88' lang='lat' dir='ltr'>commissuras,</span> 
     </span>
    </p>
   </div>
   <div class='ocr_carea' id='block_1_4' title="bbox 0 0 1625 5254">
    <p class='ocr_par' dir='ltr' id='par_1_7' title="bbox 0 0 1625 5254">
     <span class='ocr_line' id='line_1_34' title="bbox 0 0 1625 5254; baseline 0 0"><span class='ocrx_word' id='word_1_248' title='bbox 0 0 1625 5254; x_wconf 95' lang='lat' dir='ltr'> </span> 
     </span>
    </p>
   </div>
  </div>
 </body>
</html>
