3254 5274
731 647 771 707 47

164 840 328 898 moverat:
360 839 496 913 putabat
526 838 614 898 euim
644 837 781 898 rivalem
812 837 905 896 illum
936 852 1017 912 esse,
1046 852 1121 896 cum
1144 835 1336 910 praesertim

165 951 320 1011 Thaidem
343 953 511 1027 tantopere
534 952 605 1028 eius
627 951 757 1012 videndi
780 950 1001 1024 retinendique
1025 950 1174 1024 cupidam
1194 951 1334 1010 videret:

165 1063 239 1123 hinc
273 1067 381 1125 ortum
416 1065 557 1140 iurgium
592 1065 748 1125 Thaidem
784 1065 868 1125 inter
902 1065 1122 1138 militemque;
1154 1067 1250 1138 atque
1281 1064 1336 1122 illa

164 1176 279 1237 militis
310 1179 592 1253 importunitatem
626 1179 708 1239 ferre
724 1207 728 1220 ·
743 1179 856 1238 nolens
890 1178 1028 1238 Doriada
1061 1178 1231 1252 praemisit
1261 1193 1336 1237 cum

164 1289 232 1348 suis
255 1293 456 1352 ornamentis
479 1292 595 1352 aureis.
616 1292 769 1352 Dicebam
789 1292 879 1352 illam
898 1292 1036 1351 Doriada
1055 1307 1221 1352 accurrere
1241 1292 1335 1350 anhe-

164 1402 295 1480 lantem,
318 1406 518 1481 exterritam,
539 1408 660 1466 terrore
680 1407 872 1480 perculsam.
893 1406 1042 1479 Talisque
1063 1406 1133 1465 eius
1152 1408 1245 1465 actus
1264 1419 1336 1464 esse

165 1516 266 1576 debet.
287 1517 465 1578 Verissime
485 1520 572 1579 enim
591 1519 753 1593 simulque
765 1519 963 1594 lepidissime
976 1519 1157 1579 Scholiasta
1169 1519 1335 1584 observat:

169 1631 232 1705 „Ea
260 1649 398 1706 persona
428 1634 575 1707 quaesita
605 1637 656 1694 est
686 1650 767 1708 quae
794 1634 971 1694 terribilem
995 1635 1104 1694 credat
1126 1633 1276 1707 militem,
1300 1634 1337 1691 ut

167 1758 202 1804 eo
232 1747 339 1820 magis
370 1747 403 1806 in
434 1748 627 1821 experiendo
650 1763 754 1808 vanus
778 1763 816 1807 ac
838 1748 992 1808 ridiculus
1016 1763 1088 1807 esse
1111 1747 1246 1821 possit.”

210 1859 326 1918 Secum
350 1859 484 1933 loquens
507 1861 621 1921 Dorias
644 1864 756 1921 narrat
779 1861 853 1935 quid
877 1862 960 1936 apud
984 1860 1124 1920 militem
1148 1860 1192 1920 sit
1215 1862 1335 1919 actum.

44 1997 46 2003 ·
167 1971 365 2032 Narrationis
388 1974 449 2033 hoc
472 1976 522 2033 est
546 1974 675 2034 initium
700 1976 774 2044 (617
800 1979 875 2048 sq.):

229 2086 314 2145 Nam
326 2089 499 2160 postquam
512 2088 573 2147 iste
587 2089 718 2148 advenit
730 2087 884 2148 Chremes
897 2089 1083 2148 adolescens
1094 2086 1337 2160 fratervirginis

231 2199 368 2259 Militem
392 2203 484 2274 rogat
507 2203 545 2260 ut
568 2202 660 2261 illum
684 2201 813 2261 admitti
837 2201 955 2261 iubeat.

167 2311 332 2386 Duplicem
363 2315 401 2373 ob
430 2330 563 2373 causam
586 2315 752 2389 Bentlejus
775 2316 850 2374 huic
873 2315 942 2374 loco
966 2313 1226 2375 emendationem
1250 2312 1335 2372 adhi-

167 2425 251 2484 buit:
282 2427 425 2501 primum
456 2443 521 2487 non
543 2429 667 2488 ferebat
691 2429 867 2488 iambicum
886 2443 1019 2488 versum
1044 2428 1128 2487 inter
1151 2428 1336 2498 trochaeos;

167 2553 280 2610 parum
304 2539 418 2600 idonea
438 2557 536 2601 causa
551 2543 647 2616 haec;
660 2543 756 2616 paulo
768 2543 856 2602 enim
867 2545 942 2616 post
953 2543 992 2602 ob
1006 2543 1142 2601 eandem
1155 2541 1184 2600 ei
1196 2557 1244 2599 vs.
1256 2540 1337 2599 622:

231 2654 354 2714 Invitat
376 2656 497 2716 tristis:
522 2657 654 2733 mansit,
679 2658 722 2716 ibi
746 2658 900 2717 iliacum
924 2658 978 2717 illo
1001 2672 1186 2716 samonem
1210 2656 1292 2729 ilico,

168 2768 351 2841 ceteroquin
374 2769 569 2829 sanissimus
592 2771 654 2830 fuit
676 2773 863 2830 mutandus.
888 2770 1026 2830 Gravius
1048 2771 1109 2829 hoc
1133 2769 1215 2842 quod
1235 2768 1337 2827 nostri

167 2894 280 2940 versus
304 2882 406 2942 oratio
426 2899 526 2958 supra
549 2899 647 2958 quam
671 2884 732 2943 dici
755 2886 863 2958 potest
885 2883 1018 2958 puerilis
1041 2885 1092 2942 est
1116 2884 1148 2942 et
1167 2881 1270 2941 balba.
1291 2881 1338 2939 Ne

168 2992 228 3051 dici
259 2995 402 3068 quidem¹
420 2997 533 3057 Latine
564 3014 658 3072 posse
689 2998 800 3072 opinor
827 2997 908 3072 „iste
933 2996 1086 3057 Chremes
1111 2995 1337 3067 adolescens'';

168 3105 252 3166 haud
282 3108 392 3167 minus
422 3109 454 3169 id
485 3110 567 3169 mihi
598 3111 772 3170 absurdum
800 3111 927 3171 videtur
950 3126 1048 3183 quam
1072 3109 1100 3169 si
1124 3109 1196 3182 quis
1219 3107 1338 3167 Graece

169 3221 214 3280 sic
237 3222 437 3296 loqueretur:
462 3216 548 3295 οὗτος
569 3221 584 3283 ὅ
609 3222 726 3304 Χρέμης
747 3223 908 3295 νεανισκός.
930 3223 1010 3298 Quid
1030 3226 1140 3283 autern
1159 3223 1286 3282 facilius
1306 3222 1339 3281 in

168 3335 297 3396 textum
317 3337 456 3411 irrepere
476 3340 531 3412 pot
555 3338 581 3397 it
601 3355 698 3412 quam
718 3338 899 3399 Chremetis
922 3353 1041 3396 nomen
1062 3337 1207 3396 asedulo
1220 3336 1339 3394 lectore

169 3446 201 3506 in
224 3449 370 3523 margine
393 3451 561 3524 positum?
585 3450 679 3511 Certa
702 3467 777 3526 ergo
800 3452 928 3511 videtur
950 3448 1088 3522 Bentleji
1112 3449 1282 3509 correctio:

195 3629 199 3638 .
233 3562 317 3621 Nam
340 3566 513 3637 postquam
537 3564 599 3624 iste
623 3566 797 3625 advenerat
820 3565 1007 3623 adolescens
1029 3563 1129 3622 frater
1149 3562 1293 3636 virginis.

171 3675 248 3749 Quid
272 3677 356 3749 quod
380 3677 595 3738 Scholiastam
619 3694 742 3752 quoque
766 3679 852 3738 male
871 3679 1023 3737 habuisse
1042 3677 1170 3737 videtur
1189 3676 1340 3750 vulgatae

169 3787 316 3848 lectionis
347 3790 552 3851 abundantia.
584 3793 728 3852 Annotat
759 3793 864 3852 enim:
900 3791 1079 3866 „instanter
1110 3791 1262 3848 admonet
1286 3790 1339 3862 qui

170 3902 292 3961 scilicet
326 3903 370 3962 sit
404 3902 589 3980 Chremes'',
626 3920 707 3978 quae
741 3906 848 3966 verba.
874 3920 948 3964 curn
979 3904 1047 3963 risu
1077 3901 1340 3977 reprehendentis

171 4031 240 4074 esse
277 4016 437 4077 videntur.
470 4019 556 4079 Satis
587 4020 674 4079 enim
704 4021 810 4079 hercle
842 4019 908 4078 iam
935 4019 1082 4092 cognitus
1105 4015 1340 4091 spectatoribus

170 4127 323 4189 Chremes
347 4130 410 4190 ille.

212 4242 311 4302 Thais
335 4259 354 4302 a
377 4245 481 4305 milite
505 4247 598 4320 petiit
621 4248 658 4306 ut
680 4245 886 4306 Chremetem
905 4245 1076 4316 invitaret;
1097 4247 1155 4326 (us.
1177 4241 1241 4300 620
1261 4245 1338 4314 sq.):

256 4356 293 4414 Id
317 4355 455 4418 faciebat
478 4360 638 4419 retinendi
662 4359 748 4419 illius
772 4375 885 4419 causa:
911 4359 986 4432 quia
1009 4358 1064 4417 illa
1087 4371 1167 4429 quae
1192 4354 1340 4428 cupiebat

255 4469 302 4528 De
327 4486 435 4531 sorore
459 4474 529 4533 eius
553 4474 702 4548 indicare,
728 4474 767 4532 ad
792 4490 865 4532 eam
888 4489 958 4532 rem
982 4475 1111 4545 tempus
1134 4485 1198 4528 non
1222 4469 1300 4528 erat.
