3234 5254
852 637 913 695 194

294 825 363 883 sine
387 824 483 884 calce.
508 823 715 898 ineptissime
738 839 814 883 vero
839 824 886 883 ad
910 825 1088 884 amicam
1112 841 1197 884 nunc
1220 826 1295 885 huic
1320 826 1460 886 adhaeret

293 938 424 1012 scholio,
450 953 525 997 cum
548 938 645 997 fuerit
668 938 791 997 lemma
815 939 992 1011 sequentis.

340 1052 392 1112 38.
850 1052 962 1112 Nonne
986 1067 1025 1112 ea
1047 1053 1254 1114 dissimulare
1278 1070 1337 1114 nos

427 1166 528 1240 Magis
558 1166 739 1225 humanum
771 1168 830 1241 est,
863 1182 961 1238 quarn
989 1166 1064 1226 dare
1088 1182 1230 1243 operam,
1255 1168 1287 1227 id
1311 1169 1391 1228 scire
1413 1168 1460 1242 qui

1217 1284 1287 1352 [nos
1311 1281 1419 1341 oderit.

337 1393 468 1466 Magis
499 1393 734 1463 humanum]
771 1393 869 1467 „bene
901 1394 976 1466 quia
1007 1395 1039 1453 et
1070 1395 1148 1454 illud
1172 1395 1353 1454 humanum
1378 1395 1459 1454 dissi-

293 1506 449 1565 mulare.’'
480 1507 623 1581 Apparet
652 1523 709 1580 pro
740 1507 1017 1566 dissimulare
1048 1508 1221 1582 legendum
1253 1523 1324 1568 esse
1353 1509 1460 1568 foras

292 1620 387 1693 proi
392 1635 483 1679 erre
516 1619 570 1678 vel
603 1620 722 1692 aliquid
757 1621 791 1678 in
825 1635 898 1679 eam
933 1622 1141 1681 sententiam.
1180 1623 1250 1682 Hoc
1282 1623 1369 1682 enim
1398 1623 1461 1682 vult

292 1733 453 1792 scholion:
499 1733 796 1807 ,dissimulare
838 1733 908 1792 ideo
951 1736 1038 1793 recte
1072 1736 1209 1808 magis
1245 1736 1460 1796 humanum

292 1847 416 1921 dicitur,
448 1846 524 1918 quia
555 1847 655 1906 etiam
678 1848 762 1920 quod
785 1847 814 1905 ei
837 1847 1007 1922 opponitur
1029 1848 1256 1908 humanum
1281 1851 1363 1910 est.”
1387 1851 1460 1920 (Hu-

291 1975 455 2019 manum
479 1960 566 2018 enirn
590 1960 689 2019 etiarn
713 1961 751 2018 de
775 1961 979 2019 malefactis
1003 1961 1182 2037 adhibetur,
1206 1963 1245 2021 de
1266 1964 1407 2037 peccatis
1425 1978 1461 2020 ex

291 2074 434 2133 humana
457 2073 679 2133 imbecillitate
703 2073 810 2143 natis).

337 2189 389 2246 55.
413 2187 463 2246 Ad
487 2201 636 2245 versum:

428 2301 498 2360 Hoc
525 2301 572 2359 mi
593 2317 696 2360 unum
720 2317 761 2360 ex
784 2302 933 2376 plurimis
956 2302 1098 2361 miseriis
1122 2304 1280 2363 relicuum
1305 2305 1410 2364 fuerat

1332 2417 1460 2488 [malum

293 2530 483 2588 annotatur:
512 2545 608 2603 ,nam
632 2545 696 2588 non
718 2529 879 2588 mediocre
903 2531 962 2604 est,
984 2529 1067 2602 quod
1092 2531 1240 2590 omnium
1261 2531 1459 2591 miseriarum

293 2645 345 2703 est
375 2643 537 2718 ultimum,
571 2645 604 2702 et
633 2643 718 2702 inter
747 2642 836 2702 mala
865 2642 978 2718 multa,
1008 2643 1091 2718 quod
1115 2644 1163 2704 sic
1186 2645 1394 2719 accipimus.'’
1417 2643 1460 2701 lix

291 2757 395 2830 quod
418 2757 480 2816 sic
503 2757 736 2830 accipimus
756 2757 882 2815 nullum
902 2772 1020 2816 sanum
1039 2771 1174 2816 sensum
1194 2759 1354 2831 extund03
1375 2757 1460 2816 credo

291 2871 360 2929 eius
402 2872 515 2929 natum
553 2870 807 2945 importunitate,
844 2871 898 2942 qui
931 2870 1077 2930 scholion
1110 2871 1275 2930 vocabulis
1311 2869 1460 2930 addendis

290 2984 475 3057 corruperit.
514 2983 585 3043 Non
619 2984 706 3042 enirn
741 2983 850 3042 dubito
886 2983 962 3056 quin
997 2984 1074 3043 olim
1108 2984 1333 3044 huiuscemodi
1366 2981 1458 3043 fuerit

290 3099 451 3158 scholion:
490 3113 587 3172 „nam
620 3113 685 3157 non
718 3097 879 3156 mediocre
914 3099 972 3172 est,
1008 3098 1091 3170 quod
1126 3097 1272 3157 omniurn
1304 3097 1458 3156 malorum

291 3213 445 3272 ultimum
469 3214 502 3272 et
525 3213 608 3272 inter
632 3212 719 3270 mala
742 3211 847 3270 multa
870 3211 1030 3283 reliquum
1055 3211 1265 3285 accipimus”

336 3437 388 3512 IV,
415 3439 443 3514 2,
472 3439 510 3498 12
535 3454 603 3511 sqq.
630 3438 745 3506 (Verba
767 3435 930 3510 Pamphili
953 3438 1030 3495 sunt
1053 3437 1093 3494 ad
1117 3438 1295 3504 matreml:

691 3549 824 3625 Quaem,
850 3549 924 3622 quid
948 3549 1032 3608 istuc
1056 3549 1182 3608 consilii
1206 3552 1280 3610 est?

357 3665 448 3724 illius
472 3664 612 3724 stultitia
633 3665 730 3738 victa,
755 3679 796 3723 ex
818 3663 897 3722 urbe
920 3664 956 3721 tu
978 3677 1034 3721 rus
1057 3663 1242 3723 habitatum
1265 3664 1408 3738 migres?

356 3779 385 3837 N
386 3794 427 3837 on
439 3778 554 3837 iacies:
568 3793 671 3852 neque
684 3779 790 3837 sinam
802 3776 905 3851 utqui
918 3777 1019 3851 nobie,
1029 3778 1148 3852 mater,
1154 3777 1366 3837 maledictum
1374 3776 1456 3849 velit,

298 3883 300 3890 ’
358 3893 428 3952 Mea
450 3891 627 3966 pertinacia
650 3907 722 3950 esse
746 3892 831 3950 dicat
853 3891 985 3965 facturn,
1011 3890 1097 3949 haud
1120 3891 1177 3949 tua
1200 3891 1369 3951 modestia.

291 4007 380 4065 Sch:
406 4006 491 4065 Mea
514 4006 756 4079 pertinacia
780 4019 873 4063 esse
893 4005 1008 4063 dicat
1027 4004 1198 4073 iactum]
1223 4005 1455 4079 ,beneretinet

291 4135 390 4192 quum
420 4120 492 4178 vult
521 4134 581 4178 sua
611 4094 769 4177 interesse
799 4133 840 4177 ne
866 4115 956 4177 fiat.'’
981 4117 1084 4176 Locus
1109 4119 1382 4195 corruptissimus,
1406 4117 1456 4177 sed

290 4233 328 4292 de
359 4231 584 4292 emendatione
611 4247 675 4290 non
699 4231 943 4305 desperandum.
968 4231 1110 4289 Verbum
1133 4231 1149 4289 i
1155 4231 1215 4290 iat
1238 4247 1296 4292 suo
1321 4233 1456 4293 subiecto

291 4361 398 4405 carere
418 4362 482 4405 non
502 4347 617 4420 potest,
632 4361 735 4417 neque
747 4360 806 4404 suo
819 4345 942 4404 obiecto
954 4344 1090 4402 verbum
1098 4345 1273 4430 'retinet3
1290 4348 1456 4418 utrumque

289 4461 370 4519 latet
401 4461 433 4518 in
465 4476 602 4534 quum,
637 4459 687 4518 cui
718 4460 826 4518 nullus
854 4459 905 4516 hic
928 4458 1026 4532 locus,
1053 4461 1245 4532 quapropter
1269 4459 1455 4519 confidenter
