<?xml version="1.0" encoding="UTF-8"?>
<!DOCTYPE html PUBLIC "-//W3C//DTD XHTML 1.0 Transitional//EN"
    "http://www.w3.org/TR/xhtml1/DTD/xhtml1-transitional.dtd">
<html xmlns="http://www.w3.org/1999/xhtml" xml:lang="en" lang="en">
 <head>
  <title>
</title>
<meta http-equiv="Content-Type" content="text/html;charset=utf-8" />
  <meta name='ocr-system' content='tesseract 3.04.00' />
  <meta name='ocr-capabilities' content='ocr_page ocr_carea ocr_par ocr_line ocrx_word'/>
</head>
<body>
  <div class='ocr_page' id='page_1' title='image "./deterentioetdon00hartgoog_0065.png"; bbox 0 0 3254 5274; ppageno 0'>
   <div class='ocr_carea' id='block_1_1' title="bbox 799 686 841 744">
    <p class='ocr_par' dir='ltr' id='par_1_1' title="bbox 799 686 841 744">
     <span class='ocr_line' id='line_1_1' title="bbox 799 686 841 744; baseline 0 0"><span class='ocrx_word' id='word_1_1' title='bbox 799 686 841 744; x_wconf 80' lang='lat'><strong>50</strong></span> 
     </span>
    </p>
   </div>
   <div class='ocr_carea' id='block_1_2' title="bbox 225 869 1431 2656">
    <p class='ocr_par' dir='ltr' id='par_1_2' title="bbox 298 869 1378 948">
     <span class='ocr_line' id='line_1_2' title="bbox 298 869 1378 948; baseline 0.002 -20"><span class='ocrx_word' id='word_1_2' title='bbox 298 869 379 944; x_wconf 79' lang='lat' dir='ltr'><strong>Quin</strong></span> <span class='ocrx_word' id='word_1_3' title='bbox 400 870 499 930; x_wconf 89' lang='lat' dir='ltr'><strong>etiam</strong></span> <span class='ocrx_word' id='word_1_4' title='bbox 518 870 649 945; x_wconf 80' lang='lat' dir='ltr'><strong>insuper</strong></span> <span class='ocrx_word' id='word_1_5' title='bbox 668 872 783 947; x_wconf 78' lang='lat' dir='ltr'><strong>sceluS,</strong></span> <span class='ocrx_word' id='word_1_6' title='bbox 804 873 977 945; x_wconf 78' lang='lat' dir='ltr'>postquam</span> <span class='ocrx_word' id='word_1_7' title='bbox 996 869 1195 930; x_wconf 87' lang='lat' dir='ltr'><strong>ludificatust</strong></span> <span class='ocrx_word' id='word_1_8' title='bbox 1209 871 1378 948; x_wconf 85' lang='lat' dir='ltr'><strong>virginem,</strong></span> 
     </span>
    </p>

    <p class='ocr_par' dir='ltr' id='par_1_3' title="bbox 228 984 1402 1404">
     <span class='ocr_line' id='line_1_3' title="bbox 296 984 1378 1061; baseline 0.001 -18"><span class='ocrx_word' id='word_1_9' title='bbox 296 984 430 1044; x_wconf 89' lang='lat' dir='ltr'><strong>Vestem</strong></span> <span class='ocrx_word' id='word_1_10' title='bbox 443 1000 574 1044; x_wconf 92' lang='lat' dir='ltr'><strong>omnem</strong></span> <span class='ocrx_word' id='word_1_11' title='bbox 586 987 725 1046; x_wconf 81' lang='lat' dir='ltr'>miserae</span> <span class='ocrx_word' id='word_1_12' title='bbox 738 985 875 1061; x_wconf 80' lang='lat' dir='ltr'><strong>discidit,</strong></span> <span class='ocrx_word' id='word_1_13' title='bbox 889 987 960 1044; x_wconf 92' lang='lat' dir='ltr'><strong>tum</strong></span> <span class='ocrx_word' id='word_1_14' title='bbox 973 985 1078 1060; x_wconf 81' lang='lat' dir='ltr'><strong>ipsam</strong></span> <span class='ocrx_word' id='word_1_15' title='bbox 1088 985 1202 1060; x_wconf 80' lang='lat' dir='ltr'><strong>capillo</strong></span> <span class='ocrx_word' id='word_1_16' title='bbox 1212 985 1378 1044; x_wconf 80' lang='lat' dir='ltr'><strong>conscidit.</strong></span> 
     </span>
     <span class='ocr_line' id='line_1_4' title="bbox 229 1098 1401 1174; baseline 0.002 -18"><span class='ocrx_word' id='word_1_17' title='bbox 229 1098 355 1158; x_wconf 81' lang='lat' dir='ltr'>Revera</span> <span class='ocrx_word' id='word_1_18' title='bbox 385 1100 464 1158; x_wconf 90' lang='lat' dir='ltr'><strong>haec</strong></span> <span class='ocrx_word' id='word_1_19' title='bbox 495 1116 559 1159; x_wconf 94' lang='lat' dir='ltr'><strong>non</strong></span> <span class='ocrx_word' id='word_1_20' title='bbox 583 1100 628 1160; x_wconf 90' lang='lat' dir='ltr'><strong>ita</strong></span> <span class='ocrx_word' id='word_1_21' title='bbox 655 1100 742 1160; x_wconf 86' lang='lat' dir='ltr'><strong>facta</strong></span> <span class='ocrx_word' id='word_1_22' title='bbox 765 1102 842 1159; x_wconf 90' lang='lat' dir='ltr'><strong>sunt</strong></span> <span class='ocrx_word' id='word_1_23' title='bbox 864 1102 901 1159; x_wconf 90' lang='lat' dir='ltr'><strong>ut</strong></span> <span class='ocrx_word' id='word_1_24' title='bbox 924 1100 1059 1174; x_wconf 79' lang='lat' dir='ltr'><strong>Pythias</strong></span> <span class='ocrx_word' id='word_1_25' title='bbox 1083 1102 1210 1173; x_wconf 91' lang='lat' dir='ltr'><strong>narrat;</strong></span> <span class='ocrx_word' id='word_1_26' title='bbox 1235 1099 1291 1160; x_wconf 94' lang='lat' dir='ltr'><strong>illa</strong></span> <span class='ocrx_word' id='word_1_27' title='bbox 1314 1101 1401 1159; x_wconf 89' lang='lat' dir='ltr'><strong>enim</strong></span> 
     </span>
     <span class='ocr_line' id='line_1_5' title="bbox 229 1213 1402 1289; baseline 0.002 -19"><span class='ocrx_word' id='word_1_28' title='bbox 229 1213 335 1271; x_wconf 87' lang='lat' dir='ltr'><strong>scelus</strong></span> <span class='ocrx_word' id='word_1_29' title='bbox 370 1213 589 1276; x_wconf 89' lang='lat' dir='ltr'><strong>commissum</strong></span> <span class='ocrx_word' id='word_1_30' title='bbox 618 1218 776 1289; x_wconf 90' lang='lat' dir='ltr'><strong>quantum</strong></span> <span class='ocrx_word' id='word_1_31' title='bbox 806 1216 913 1289; x_wconf 91' lang='lat' dir='ltr'><strong>potest</strong></span> <span class='ocrx_word' id='word_1_32' title='bbox 944 1217 1049 1288; x_wconf 84' lang='lat' dir='ltr'><strong>auget.</strong></span> <span class='ocrx_word' id='word_1_33' title='bbox 1082 1214 1167 1273; x_wconf 92' lang='lat' dir='ltr'><strong>Dum</strong></span> <span class='ocrx_word' id='word_1_34' title='bbox 1196 1214 1320 1273; x_wconf 86' lang='lat' dir='ltr'><strong>luctata</strong></span> <span class='ocrx_word' id='word_1_35' title='bbox 1350 1216 1402 1272; x_wconf 91' lang='lat' dir='ltr'><strong>est</strong></span> 
     </span>
     <span class='ocr_line' id='line_1_6' title="bbox 228 1327 1148 1404; baseline 0.002 -18"><span class='ocrx_word' id='word_1_36' title='bbox 228 1327 328 1404; x_wconf 84' lang='lat' dir='ltr'><strong>virge,</strong></span> <span class='ocrx_word' id='word_1_37' title='bbox 354 1327 457 1388; x_wconf 85' lang='lat' dir='ltr'><strong>vestis</strong></span> <span class='ocrx_word' id='word_1_38' title='bbox 480 1330 549 1389; x_wconf 91' lang='lat' dir='ltr'><strong>eius</strong></span> <span class='ocrx_word' id='word_1_39' title='bbox 572 1330 702 1390; x_wconf 92' lang='lat' dir='ltr'><strong>turbata</strong></span> <span class='ocrx_word' id='word_1_40' title='bbox 726 1331 759 1388; x_wconf 88' lang='lat' dir='ltr'><strong>et</strong></span> <span class='ocrx_word' id='word_1_41' title='bbox 782 1329 888 1403; x_wconf 89' lang='lat' dir='ltr'><strong>capilli</strong></span> <span class='ocrx_word' id='word_1_42' title='bbox 913 1328 1039 1388; x_wconf 88' lang='lat' dir='ltr'><strong>disiecti</strong></span> <span class='ocrx_word' id='word_1_43' title='bbox 1062 1331 1148 1388; x_wconf 89' lang='lat' dir='ltr'><strong>sunt.</strong></span> 
     </span>
    </p>

    <p class='ocr_par' dir='ltr' id='par_1_4' title="bbox 274 1443 1007 1516">
     <span class='ocr_line' id='line_1_7' title="bbox 274 1443 1007 1516; baseline 0.001 -15"><span class='ocrx_word' id='word_1_44' title='bbox 274 1443 457 1516; x_wconf 88' lang='lat' dir='ltr'><strong>Alloquitur</strong></span> <span class='ocrx_word' id='word_1_45' title='bbox 480 1460 553 1503; x_wconf 91' lang='lat' dir='ltr'><strong>eam</strong></span> <span class='ocrx_word' id='word_1_46' title='bbox 576 1443 735 1504; x_wconf 85' lang='lat' dir='ltr'><strong>Phaedria</strong></span> <span class='ocrx_word' id='word_1_47' title='bbox 757 1443 805 1502; x_wconf 89' lang='lat' dir='ltr'><strong>sic</strong></span> <span class='ocrx_word' id='word_1_48' title='bbox 829 1447 888 1513; x_wconf 78' lang='lat' dir='ltr'><strong>(va.</strong></span> <span class='ocrx_word' id='word_1_49' title='bbox 916 1444 1007 1513; x_wconf 83' lang='lat'><strong>650):</strong></span> 
     </span>
    </p>

    <p class='ocr_par' dir='ltr' id='par_1_5' title="bbox 227 1555 1402 1844">
     <span class='ocr_line' id='line_1_8' title="bbox 319 1555 1346 1632; baseline -0.002 -17"><span class='ocrx_word' id='word_1_50' title='bbox 319 1555 398 1630; x_wconf 78' lang='lat' dir='ltr'><strong>Quid</strong></span> <span class='ocrx_word' id='word_1_51' title='bbox 422 1558 529 1617; x_wconf 82' lang='lat' dir='ltr'><strong>istuc?</strong></span> <span class='ocrx_word' id='word_1_52' title='bbox 553 1558 628 1632; x_wconf 90' lang='lat' dir='ltr'><strong>quid</strong></span> <span class='ocrx_word' id='word_1_53' title='bbox 651 1557 812 1616; x_wconf 86' lang='lat' dir='ltr'><strong>festinas?</strong></span> <span class='ocrx_word' id='word_1_54' title='bbox 836 1559 893 1616; x_wconf 91' lang='lat' dir='ltr'><strong>aut</strong></span> <span class='ocrx_word' id='word_1_55' title='bbox 915 1571 1012 1630; x_wconf 91' lang='lat' dir='ltr'><strong>quem</strong></span> <span class='ocrx_word' id='word_1_56' title='bbox 1036 1556 1163 1629; x_wconf 89' lang='lat' dir='ltr'><strong>quaeris</strong></span> <span class='ocrx_word' id='word_1_57' title='bbox 1187 1556 1346 1630; x_wconf 87' lang='lat' dir='ltr'><strong>Pythias?</strong></span> 
     </span>
     <span class='ocr_line' id='line_1_9' title="bbox 227 1669 1402 1746; baseline 0 -18"><span class='ocrx_word' id='word_1_58' title='bbox 227 1669 290 1728; x_wconf 88' lang='lat' dir='ltr'><strong>Ubi</strong></span> <span class='ocrx_word' id='word_1_59' title='bbox 333 1671 520 1731; x_wconf 82' lang='lat' dir='ltr'><strong>festinas</strong></span> <span class='ocrx_word' id='word_1_60' title='bbox 563 1686 635 1730; x_wconf 90' lang='lat' dir='ltr'><strong>esse</strong></span> <span class='ocrx_word' id='word_1_61' title='bbox 677 1670 886 1746; x_wconf 90' lang='lat' dir='ltr'><strong>turbaris,</strong></span> <span class='ocrx_word' id='word_1_62' title='bbox 930 1670 1123 1744; x_wconf 91' lang='lat' dir='ltr'><strong>trepidas</strong></span> <span class='ocrx_word' id='word_1_63' title='bbox 1165 1672 1252 1729; x_wconf 92' lang='lat' dir='ltr'><strong>recte</strong></span> <span class='ocrx_word' id='word_1_64' title='bbox 1291 1672 1402 1729; x_wconf 91' lang='lat' dir='ltr'><strong>monet</strong></span> 
     </span>
     <span class='ocr_line' id='line_1_10' title="bbox 229 1783 418 1844; baseline 0.021 -4"><span class='ocrx_word' id='word_1_65' title='bbox 229 1783 418 1844; x_wconf 84' lang='lat' dir='ltr'><strong>Scholiasta.</strong></span> 
     </span>
    </p>

    <p class='ocr_par' dir='ltr' id='par_1_6' title="bbox 225 1897 1431 2656">
     <span class='ocr_line' id='line_1_11' title="bbox 272 1897 1399 1972; baseline 0 -16"><span class='ocrx_word' id='word_1_66' title='bbox 272 1897 354 1956; x_wconf 90' lang='lat' dir='ltr'><strong>Rem</strong></span> <span class='ocrx_word' id='word_1_67' title='bbox 374 1900 525 1958; x_wconf 91' lang='lat' dir='ltr'><strong>denarrat</strong></span> <span class='ocrx_word' id='word_1_68' title='bbox 543 1898 688 1972; x_wconf 89' lang='lat' dir='ltr'><strong>Pythias.</strong></span> <span class='ocrx_word' id='word_1_69' title='bbox 710 1899 792 1958; x_wconf 82' lang='lat' dir='ltr'><strong>Tum</strong></span> <span class='ocrx_word' id='word_1_70' title='bbox 814 1900 888 1968; x_wconf 84' lang='grc'>(654</span> <span class='ocrx_word' id='word_1_71' title='bbox 909 1903 967 1972; x_wconf 87' lang='lat' dir='ltr'><strong>sq.)</strong></span> <span class='ocrx_word' id='word_1_72' title='bbox 988 1899 1162 1958; x_wconf 92' lang='lat' dir='ltr'><strong>Phaedria:</strong></span> <span class='ocrx_word' id='word_1_73' title='bbox 1186 1897 1287 1972; x_wconf 78' lang='lat' dir='ltr'><strong>,Quid</strong></span> <span class='ocrx_word' id='word_1_74' title='bbox 1307 1897 1399 1957; x_wconf 87' lang='lat' dir='ltr'><strong>ais?”</strong></span> 
     </span>
     <span class='ocr_line' id='line_1_12' title="bbox 227 2011 1398 2087; baseline 0 -18"><span class='ocrx_word' id='word_1_75' title='bbox 227 2012 261 2069; x_wconf 91' lang='lat' dir='ltr'><strong>et</strong></span> <span class='ocrx_word' id='word_1_76' title='bbox 275 2011 427 2084; x_wconf 82' lang='lat' dir='ltr'><strong>Pythias:</strong></span> <span class='ocrx_word' id='word_1_77' title='bbox 451 2012 586 2087; x_wconf 81' lang='lat' dir='ltr'><strong>„Perii”</strong></span> <span class='ocrx_word' id='word_1_78' title='bbox 600 2011 724 2071; x_wconf 91' lang='lat' dir='ltr'><strong>Iterum</strong></span> <span class='ocrx_word' id='word_1_79' title='bbox 736 2012 910 2072; x_wconf 90' lang='lat' dir='ltr'><strong>Phaedria:</strong></span> <span class='ocrx_word' id='word_1_80' title='bbox 928 2011 1188 2086; x_wconf 82' lang='lat' dir='ltr'><strong>,Temulenta’s&#39;’</strong></span> <span class='ocrx_word' id='word_1_81' title='bbox 1203 2013 1235 2070; x_wconf 92' lang='lat' dir='ltr'><strong>et</strong></span> <span class='ocrx_word' id='word_1_82' title='bbox 1247 2012 1398 2085; x_wconf 89' lang='lat' dir='ltr'><strong>Pythias:</strong></span> 
     </span>
     <span class='ocr_line' id='line_1_13' title="bbox 229 2125 1431 2200; baseline 0.001 -16"><span class='ocrx_word' id='word_1_83' title='bbox 229 2126 384 2200; x_wconf 86' lang='lat' dir='ltr'><strong>,Utinam</strong></span> <span class='ocrx_word' id='word_1_84' title='bbox 407 2127 454 2185; x_wconf 91' lang='lat' dir='ltr'><strong>sio</strong></span> <span class='ocrx_word' id='word_1_85' title='bbox 478 2127 544 2186; x_wconf 86' lang='lat' dir='ltr'><strong>sint</strong></span> <span class='ocrx_word' id='word_1_86' title='bbox 567 2127 621 2200; x_wconf 90' lang='lat' dir='ltr'><strong>qui</strong></span> <span class='ocrx_word' id='word_1_87' title='bbox 644 2127 726 2185; x_wconf 92' lang='lat' dir='ltr'><strong>mihi</strong></span> <span class='ocrx_word' id='word_1_88' title='bbox 748 2127 834 2185; x_wconf 91' lang='lat' dir='ltr'><strong>male</strong></span> <span class='ocrx_word' id='word_1_89' title='bbox 857 2126 1003 2185; x_wconf 88' lang='lat' dir='ltr'><strong>volunt.’&#39;</strong></span> <span class='ocrx_word' id='word_1_90' title='bbox 1025 2125 1077 2185; x_wconf 80' lang='lat' dir='ltr'><strong>Sic</strong></span> <span class='ocrx_word' id='word_1_91' title='bbox 1097 2127 1184 2185; x_wconf 91' lang='lat' dir='ltr'><strong>enim</strong></span> <span class='ocrx_word' id='word_1_92' title='bbox 1204 2142 1289 2186; x_wconf 93' lang='lat' dir='ltr'><strong>nunc</strong></span> <span class='ocrx_word' id='word_1_93' title='bbox 1308 2141 1399 2185; x_wconf 82' lang='lat' dir='ltr'><strong>voca·</strong></span> <span class='ocrx_word' id='word_1_94' title='bbox 1429 2181 1431 2186; x_wconf 81' lang='grc'>,</span> 
     </span>
     <span class='ocr_line' id='line_1_14' title="bbox 226 2228 1400 2316; baseline 0 -19"><span class='ocrx_word' id='word_1_95' title='bbox 226 2239 302 2298; x_wconf 91' lang='lat' dir='ltr'><strong>bula</strong></span> <span class='ocrx_word' id='word_1_96' title='bbox 331 2241 415 2299; x_wconf 92' lang='lat' dir='ltr'><strong>inter</strong></span> <span class='ocrx_word' id='word_1_97' title='bbox 445 2228 881 2316; x_wconf 63' lang='lat' dir='ltr'><strong>loquentes&#39;distribuuntur,</strong></span> <span class='ocrx_word' id='word_1_98' title='bbox 906 2240 992 2300; x_wconf 91' lang='lat' dir='ltr'><strong>male</strong></span> <span class='ocrx_word' id='word_1_99' title='bbox 1016 2241 1121 2313; x_wconf 89' lang='lat' dir='ltr'><strong>siquid</strong></span> <span class='ocrx_word' id='word_1_100' title='bbox 1144 2241 1247 2300; x_wconf 89' lang='lat' dir='ltr'><strong>video.</strong></span> <span class='ocrx_word' id='word_1_101' title='bbox 1272 2239 1400 2298; x_wconf 92' lang='lat' dir='ltr'><strong>Doriadi</strong></span> 
     </span>
     <span class='ocr_line' id='line_1_15' title="bbox 227 2352 1399 2427; baseline 0.001 -17"><span class='ocrx_word' id='word_1_102' title='bbox 227 2352 368 2411; x_wconf 91' lang='lat' dir='ltr'><strong>dandum</strong></span> <span class='ocrx_word' id='word_1_103' title='bbox 399 2368 471 2412; x_wconf 92' lang='lat' dir='ltr'><strong>esse</strong></span> <span class='ocrx_word' id='word_1_104' title='bbox 501 2353 610 2427; x_wconf 94' lang='lat' dir='ltr'><strong>perii</strong></span> <span class='ocrx_word' id='word_1_105' title='bbox 634 2368 765 2413; x_wconf 87' lang='lat' dir='ltr'><strong>censeo:</strong></span> <span class='ocrx_word' id='word_1_106' title='bbox 791 2355 842 2412; x_wconf 88' lang='lat' dir='ltr'><strong>est</strong></span> <span class='ocrx_word' id='word_1_107' title='bbox 865 2353 952 2412; x_wconf 93' lang='lat' dir='ltr'><strong>enim</strong></span> <span class='ocrx_word' id='word_1_108' title='bbox 976 2353 1171 2413; x_wconf 84' lang='lat' dir='ltr'><strong>exclamatio</strong></span> <span class='ocrx_word' id='word_1_109' title='bbox 1196 2353 1265 2412; x_wconf 91' lang='lat' dir='ltr'><strong>eius</strong></span> <span class='ocrx_word' id='word_1_110' title='bbox 1289 2353 1399 2426; x_wconf 87' lang='lat' dir='ltr'><strong>quire</strong></span> 
     </span>
     <span class='ocr_line' id='line_1_16' title="bbox 226 2465 1398 2540; baseline 0.003 -18"><span class='ocrx_word' id='word_1_111' title='bbox 226 2465 402 2539; x_wconf 86' lang='lat' dir='ltr'><strong>improvisa</strong></span> <span class='ocrx_word' id='word_1_112' title='bbox 439 2467 687 2540; x_wconf 81' lang='lat' dir='ltr'><strong>perterrefactus</strong></span> <span class='ocrx_word' id='word_1_113' title='bbox 726 2469 792 2525; x_wconf 86' lang='lat' dir='ltr'><strong>est:</strong></span> <span class='ocrx_word' id='word_1_114' title='bbox 826 2467 859 2524; x_wconf 91' lang='lat' dir='ltr'><strong>in</strong></span> <span class='ocrx_word' id='word_1_115' title='bbox 888 2466 997 2526; x_wconf 92' lang='lat' dir='ltr'><strong>media</strong></span> <span class='ocrx_word' id='word_1_116' title='bbox 1028 2467 1261 2526; x_wconf 90' lang='lat' dir='ltr'><strong>lamentatione</strong></span> <span class='ocrx_word' id='word_1_117' title='bbox 1292 2466 1398 2526; x_wconf 91' lang='lat' dir='ltr'><strong>locum</strong></span> 
     </span>
     <span class='ocr_line' id='line_1_17' title="bbox 225 2579 1398 2656; baseline 0 -18"><span class='ocrx_word' id='word_1_118' title='bbox 225 2595 289 2639; x_wconf 91' lang='lat' dir='ltr'><strong>non</strong></span> <span class='ocrx_word' id='word_1_119' title='bbox 312 2580 418 2639; x_wconf 89' lang='lat' dir='ltr'><strong>habet.</strong></span> <span class='ocrx_word' id='word_1_120' title='bbox 444 2579 510 2656; x_wconf 81' lang='lat' dir='ltr'><strong>Oui,</strong></span> <span class='ocrx_word' id='word_1_121' title='bbox 535 2582 572 2639; x_wconf 92' lang='lat' dir='ltr'><strong>ut</strong></span> <span class='ocrx_word' id='word_1_122' title='bbox 595 2581 656 2639; x_wconf 91' lang='lat' dir='ltr'><strong>hoc</strong></span> <span class='ocrx_word' id='word_1_123' title='bbox 677 2582 760 2654; x_wconf 89' lang='lat' dir='ltr'><strong>utar,</strong></span> <span class='ocrx_word' id='word_1_124' title='bbox 786 2580 879 2653; x_wconf 91' lang='lat' dir='ltr'><strong>alapa</strong></span> <span class='ocrx_word' id='word_1_125' title='bbox 902 2579 1067 2654; x_wconf 77' lang='lat' dir='ltr'><strong>infligitur,</strong></span> <span class='ocrx_word' id='word_1_126' title='bbox 1088 2595 1153 2639; x_wconf 90' lang='lat' dir='ltr'><strong>non</strong></span> <span class='ocrx_word' id='word_1_127' title='bbox 1172 2580 1314 2654; x_wconf 91' lang='lat' dir='ltr'><strong>primum</strong></span> <span class='ocrx_word' id='word_1_128' title='bbox 1335 2579 1398 2638; x_wconf 92' lang='lat' dir='ltr'><strong>alia</strong></span> 
     </span>
    </p>
   </div>
   <div class='ocr_carea' id='block_1_3' title="bbox 135 2694 1398 2770">
    <p class='ocr_par' dir='ltr' id='par_1_7' title="bbox 135 2694 1398 2770">
     <span class='ocr_line' id='line_1_18' title="bbox 135 2694 1398 2770; baseline 0.004 -22"><span class='ocrx_word' id='word_1_129' title='bbox 135 2745 136 2748; x_wconf 74' lang='grc'>,</span> <span class='ocrx_word' id='word_1_130' title='bbox 225 2697 383 2768; x_wconf 91' lang='lat' dir='ltr'><strong>quaedam</strong></span> <span class='ocrx_word' id='word_1_131' title='bbox 408 2696 579 2769; x_wconf 86' lang='lat' dir='ltr'><strong>exclamat,</strong></span> <span class='ocrx_word' id='word_1_132' title='bbox 605 2695 718 2754; x_wconf 92' lang='lat' dir='ltr'><strong>deinde</strong></span> <span class='ocrx_word' id='word_1_133' title='bbox 741 2695 850 2768; x_wconf 92' lang='lat' dir='ltr'><strong>perii</strong></span> <span class='ocrx_word' id='word_1_134' title='bbox 875 2695 971 2770; x_wconf 87' lang='lat' dir='ltr'><strong>addit,</strong></span> <span class='ocrx_word' id='word_1_135' title='bbox 998 2695 1054 2753; x_wconf 92' lang='lat' dir='ltr'><strong>sed</strong></span> <span class='ocrx_word' id='word_1_136' title='bbox 1078 2695 1117 2753; x_wconf 91' lang='lat' dir='ltr'><strong>ab</strong></span> <span class='ocrx_word' id='word_1_137' title='bbox 1142 2696 1202 2754; x_wconf 90' lang='lat' dir='ltr'><strong>hac</strong></span> <span class='ocrx_word' id='word_1_138' title='bbox 1221 2697 1300 2754; x_wconf 87' lang='lat' dir='ltr'><strong>v&#39;oce</strong></span> <span class='ocrx_word' id='word_1_139' title='bbox 1319 2694 1398 2753; x_wconf 86' lang='lat' dir='ltr'><strong>facit</strong></span> 
     </span>
    </p>
   </div>
   <div class='ocr_carea' id='block_1_4' title="bbox 177 2808 1478 4592">
    <p class='ocr_par' dir='ltr' id='par_1_8' title="bbox 177 2808 1397 2997">
     <span class='ocr_line' id='line_1_19' title="bbox 223 2808 1397 2883; baseline 0.002 -15"><span class='ocrx_word' id='word_1_140' title='bbox 223 2810 424 2869; x_wconf 90' lang='lat' dir='ltr'><strong>lamentandi</strong></span> <span class='ocrx_word' id='word_1_141' title='bbox 454 2809 594 2868; x_wconf 90' lang='lat' dir='ltr'><strong>initium.</strong></span> <span class='ocrx_word' id='word_1_142' title='bbox 626 2808 725 2867; x_wconf 91' lang='lat' dir='ltr'><strong>Paulo</strong></span> <span class='ocrx_word' id='word_1_143' title='bbox 756 2810 830 2883; x_wconf 92' lang='lat' dir='ltr'><strong>post</strong></span> <span class='ocrx_word' id='word_1_144' title='bbox 860 2809 974 2868; x_wconf 89' lang='lat' dir='ltr'><strong>Dorias</strong></span> <span class='ocrx_word' id='word_1_145' title='bbox 1005 2823 1079 2867; x_wconf 90' lang='lat' dir='ltr'><strong>oum</strong></span> <span class='ocrx_word' id='word_1_146' title='bbox 1103 2808 1262 2882; x_wconf 90' lang='lat' dir='ltr'><strong>Pythiade</strong></span> <span class='ocrx_word' id='word_1_147' title='bbox 1285 2809 1397 2870; x_wconf 91' lang='lat' dir='ltr'><strong>relicta</strong></span> 
     </span>
     <span class='ocr_line' id='line_1_20' title="bbox 177 2907 1395 2997; baseline 0.001 -16"><span class='ocrx_word' id='word_1_148' title='bbox 177 2907 178 2910; x_wconf 26' lang='lat'>¹</span> <span class='ocrx_word' id='word_1_149' title='bbox 225 2924 294 2982; x_wconf 92' lang='lat' dir='ltr'><strong>sola</strong></span> <span class='ocrx_word' id='word_1_150' title='bbox 314 2925 426 2983; x_wconf 90' lang='lat' dir='ltr'><strong>eadem</strong></span> <span class='ocrx_word' id='word_1_151' title='bbox 446 2939 525 2982; x_wconf 87' lang='lat' dir='ltr'><strong>voce</strong></span> <span class='ocrx_word' id='word_1_152' title='bbox 544 2923 656 2997; x_wconf 91' lang='lat' dir='ltr'><strong>utitur,</strong></span> <span class='ocrx_word' id='word_1_153' title='bbox 670 2923 714 2981; x_wconf 93' lang='lat' dir='ltr'><strong>ibi</strong></span> <span class='ocrx_word' id='word_1_154' title='bbox 726 2937 850 2995; x_wconf 92' lang='lat' dir='ltr'><strong>quoque</strong></span> <span class='ocrx_word' id='word_1_155' title='bbox 864 2922 897 2981; x_wconf 94' lang='lat' dir='ltr'><strong>in</strong></span> <span class='ocrx_word' id='word_1_156' title='bbox 910 2921 1113 2982; x_wconf 89' lang='lat' dir='ltr'><strong>allocutionis</strong></span> <span class='ocrx_word' id='word_1_157' title='bbox 1126 2921 1217 2981; x_wconf 92' lang='lat' dir='ltr'><strong>initio</strong></span> <span class='ocrx_word' id='word_1_158' title='bbox 1231 2926 1289 2992; x_wconf 85' lang='lat' dir='ltr'><strong>(vs.</strong></span> <span class='ocrx_word' id='word_1_159' title='bbox 1303 2924 1395 2992; x_wconf 79' lang='grc'><strong>664);</strong></span> 
     </span>
    </p>

    <p class='ocr_par' dir='ltr' id='par_1_9' title="bbox 313 3035 1396 3113">
     <span class='ocr_line' id='line_1_21' title="bbox 313 3035 1396 3113; baseline -0.003 -18"><span class='ocrx_word' id='word_1_160' title='bbox 313 3037 406 3113; x_wconf 91' lang='lat' dir='ltr'><strong>Perii,</strong></span> <span class='ocrx_word' id='word_1_161' title='bbox 439 3038 579 3112; x_wconf 87' lang='lat' dir='ltr'><strong>obsecro,</strong></span> <span class='ocrx_word' id='word_1_162' title='bbox 612 3039 681 3096; x_wconf 91' lang='lat' dir='ltr'><strong>tam</strong></span> <span class='ocrx_word' id='word_1_163' title='bbox 705 3036 873 3095; x_wconf 88' lang='lat' dir='ltr'><strong>infandum</strong></span> <span class='ocrx_word' id='word_1_164' title='bbox 897 3036 1031 3111; x_wconf 85' lang='lat' dir='ltr'><strong>facinus,</strong></span> <span class='ocrx_word' id='word_1_165' title='bbox 1056 3038 1199 3110; x_wconf 89' lang='lat' dir='ltr'><strong>meatu,</strong></span> <span class='ocrx_word' id='word_1_166' title='bbox 1225 3052 1265 3094; x_wconf 90' lang='lat' dir='ltr'><strong>ne</strong></span> <span class='ocrx_word' id='word_1_167' title='bbox 1289 3035 1396 3094; x_wconf 91' lang='lat' dir='ltr'><strong>audivi</strong></span> 
     </span>
    </p>

    <p class='ocr_par' dir='ltr' id='par_1_10' title="bbox 222 3148 1478 3909">
     <span class='ocr_line' id='line_1_22' title="bbox 1200 3148 1350 3222; baseline 0.007 -15"><span class='ocrx_word' id='word_1_168' title='bbox 1200 3148 1350 3222; x_wconf 90' lang='lat' dir='ltr'><strong>[quidem.</strong></span> 
     </span>
     <span class='ocr_line' id='line_1_23' title="bbox 223 3262 1396 3339; baseline 0 -18"><span class='ocrx_word' id='word_1_169' title='bbox 223 3265 273 3322; x_wconf 88' lang='lat' dir='ltr'><strong>Ad</strong></span> <span class='ocrx_word' id='word_1_170' title='bbox 304 3264 382 3325; x_wconf 94' lang='lat' dir='ltr'><strong>illud</strong></span> <span class='ocrx_word' id='word_1_171' title='bbox 413 3281 487 3339; x_wconf 84' lang='lat' dir='ltr'><strong>ergo</strong></span> <span class='ocrx_word' id='word_1_172' title='bbox 518 3265 757 3325; x_wconf 89' lang='lat' dir='ltr'><strong>temulenta</strong></span> <span class='ocrx_word' id='word_1_173' title='bbox 788 3281 830 3323; x_wconf 91' lang='lat' dir='ltr'><strong>es</strong></span> <span class='ocrx_word' id='word_1_174' title='bbox 861 3264 997 3338; x_wconf 86' lang='lat' dir='ltr'><strong>Pythias</strong></span> <span class='ocrx_word' id='word_1_175' title='bbox 1027 3264 1214 3338; x_wconf 89' lang='lat' dir='ltr'><strong>respondet:</strong></span> <span class='ocrx_word' id='word_1_176' title='bbox 1242 3262 1396 3336; x_wconf 88' lang='lat' dir='ltr'><strong>,Utinam</strong></span> 
     </span>
     <span class='ocr_line' id='line_1_24' title="bbox 223 3361 1478 3458; baseline -0.002 -20"><span class='ocrx_word' id='word_1_177' title='bbox 223 3381 270 3439; x_wconf 88' lang='lat' dir='ltr'><strong>sio</strong></span> <span class='ocrx_word' id='word_1_178' title='bbox 290 3381 356 3441; x_wconf 88' lang='lat' dir='ltr'><strong>sint</strong></span> <span class='ocrx_word' id='word_1_179' title='bbox 368 3381 422 3453; x_wconf 91' lang='lat' dir='ltr'><strong>qui</strong></span> <span class='ocrx_word' id='word_1_180' title='bbox 438 3381 520 3439; x_wconf 90' lang='lat' dir='ltr'><strong>mihi</strong></span> <span class='ocrx_word' id='word_1_181' title='bbox 536 3381 622 3439; x_wconf 92' lang='lat' dir='ltr'><strong>male</strong></span> <span class='ocrx_word' id='word_1_182' title='bbox 635 3380 787 3439; x_wconf 88' lang='lat' dir='ltr'><strong>volunt’&#39;:</strong></span> <span class='ocrx_word' id='word_1_183' title='bbox 802 3377 919 3457; x_wconf 76' lang='grc' dir='ltr'><em>ἐχθροῖς</em></span> <span class='ocrx_word' id='word_1_184' title='bbox 931 3376 1053 3458; x_wconf 75' lang='grc' dir='ltr'><em>γένοιτο.</em></span> <span class='ocrx_word' id='word_1_185' title='bbox 1067 3379 1184 3453; x_wconf 88' lang='lat' dir='ltr'><strong>Lepide</strong></span> <span class='ocrx_word' id='word_1_186' title='bbox 1198 3377 1395 3437; x_wconf 85' lang='lat' dir='ltr'><strong>Scholiasta:</strong></span> <span class='ocrx_word' id='word_1_187' title='bbox 1473 3361 1478 3376; x_wconf 62' lang='lat'><strong>¹</strong></span> 
     </span>
     <span class='ocr_line' id='line_1_25' title="bbox 226 3493 1394 3570; baseline -0.002 -16"><span class='ocrx_word' id='word_1_188' title='bbox 226 3496 334 3570; x_wconf 77' lang='lat' dir='ltr'><strong>,bene</strong></span> <span class='ocrx_word' id='word_1_189' title='bbox 356 3512 420 3554; x_wconf 92' lang='lat' dir='ltr'><strong>non</strong></span> <span class='ocrx_word' id='word_1_190' title='bbox 440 3496 565 3554; x_wconf 91' lang='lat' dir='ltr'><strong>ebrium</strong></span> <span class='ocrx_word' id='word_1_191' title='bbox 586 3511 657 3554; x_wconf 89' lang='lat' dir='ltr'><strong>esse</strong></span> <span class='ocrx_word' id='word_1_192' title='bbox 677 3495 710 3553; x_wconf 89' lang='lat' dir='ltr'><strong>in</strong></span> <span class='ocrx_word' id='word_1_193' title='bbox 729 3495 939 3554; x_wconf 92' lang='lat' dir='ltr'><strong>maledictum</strong></span> <span class='ocrx_word' id='word_1_194' title='bbox 960 3495 1067 3570; x_wconf 89' lang='lat' dir='ltr'><strong>vertit,</strong></span> <span class='ocrx_word' id='word_1_195' title='bbox 1089 3493 1180 3567; x_wconf 91' lang='lat' dir='ltr'><strong>quasi</strong></span> <span class='ocrx_word' id='word_1_196' title='bbox 1200 3508 1277 3552; x_wconf 90' lang='lat' dir='ltr'><strong>vero</strong></span> <span class='ocrx_word' id='word_1_197' title='bbox 1293 3496 1394 3553; x_wconf 90' lang='lat' dir='ltr'><strong>ternu-</strong></span> 
     </span>
     <span class='ocr_line' id='line_1_26' title="bbox 222 3609 732 3668; baseline 0 -1"><span class='ocrx_word' id='word_1_198' title='bbox 222 3610 348 3667; x_wconf 91' lang='lat' dir='ltr'><strong>lentum</strong></span> <span class='ocrx_word' id='word_1_199' title='bbox 373 3625 444 3668; x_wconf 90' lang='lat' dir='ltr'><strong>esse</strong></span> <span class='ocrx_word' id='word_1_200' title='bbox 467 3609 633 3668; x_wconf 82' lang='lat' dir='ltr'><strong>felicitatis</strong></span> <span class='ocrx_word' id='word_1_201' title='bbox 657 3609 732 3667; x_wconf 90' lang='lat' dir='ltr'><strong>sit.”</strong></span> 
     </span>
     <span class='ocr_line' id='line_1_27' title="bbox 266 3720 1323 3795; baseline -0.003 -14"><span class='ocrx_word' id='word_1_202' title='bbox 266 3723 385 3782; x_wconf 88' lang='lat' dir='ltr'><strong>Audito</strong></span> <span class='ocrx_word' id='word_1_203' title='bbox 409 3724 530 3782; x_wconf 83' lang='lat' dir='ltr'><strong>frustra</strong></span> <span class='ocrx_word' id='word_1_204' title='bbox 553 3723 663 3795; x_wconf 89' lang='lat' dir='ltr'><strong>quaeri</strong></span> <span class='ocrx_word' id='word_1_205' title='bbox 687 3721 872 3781; x_wconf 88' lang='lat' dir='ltr'><strong>maleficum</strong></span> <span class='ocrx_word' id='word_1_206' title='bbox 896 3721 1054 3780; x_wconf 90' lang='lat' dir='ltr'><strong>Phaedria</strong></span> <span class='ocrx_word' id='word_1_207' title='bbox 1077 3720 1124 3779; x_wconf 90' lang='lat' dir='ltr'><strong>sio</strong></span> <span class='ocrx_word' id='word_1_208' title='bbox 1148 3721 1222 3790; x_wconf 83' lang='grc'><strong>(661</strong></span> <span class='ocrx_word' id='word_1_209' title='bbox 1247 3724 1323 3793; x_wconf 83' lang='lat' dir='ltr'><strong>sq.):</strong></span> 
     </span>
     <span class='ocr_line' id='line_1_28' title="bbox 812 3835 1193 3909; baseline -0.005 -15"><span class='ocrx_word' id='word_1_210' title='bbox 812 3837 942 3908; x_wconf 89' lang='lat' dir='ltr'><strong>Nequeo</strong></span> <span class='ocrx_word' id='word_1_211' title='bbox 965 3835 1078 3894; x_wconf 91' lang='lat' dir='ltr'><strong>mirari</strong></span> <span class='ocrx_word' id='word_1_212' title='bbox 1102 3835 1193 3909; x_wconf 85' lang='lat' dir='ltr'><strong>satis,</strong></span> 
     </span>
    </p>

    <p class='ocr_par' dir='ltr' id='par_1_11' title="bbox 311 3947 1319 4025">
     <span class='ocr_line' id='line_1_29' title="bbox 311 3947 1319 4025; baseline -0.004 -16"><span class='ocrx_word' id='word_1_213' title='bbox 311 3951 378 4025; x_wconf 74' lang='lat' dir='ltr'><strong>Quo</strong></span> <span class='ocrx_word' id='word_1_214' title='bbox 402 3949 467 4009; x_wconf 91' lang='lat' dir='ltr'><strong>illic</strong></span> <span class='ocrx_word' id='word_1_215' title='bbox 491 3949 578 4008; x_wconf 90' lang='lat' dir='ltr'><strong>abire</strong></span> <span class='ocrx_word' id='word_1_216' title='bbox 602 3949 737 4023; x_wconf 83' lang='lat' dir='ltr'><strong>ignavos</strong></span> <span class='ocrx_word' id='word_1_217' title='bbox 760 3950 864 4022; x_wconf 86' lang='lat' dir='ltr'><strong>possit</strong></span> <span class='ocrx_word' id='word_1_218' title='bbox 887 3949 1023 4022; x_wconf 85' lang='lat' dir='ltr'><strong>longius,</strong></span> <span class='ocrx_word' id='word_1_219' title='bbox 1049 3949 1111 4006; x_wconf 91' lang='lat' dir='ltr'><strong>nisi</strong></span> <span class='ocrx_word' id='word_1_220' title='bbox 1135 3947 1163 4006; x_wconf 90' lang='lat' dir='ltr'><strong>si</strong></span> <span class='ocrx_word' id='word_1_221' title='bbox 1187 3949 1319 4006; x_wconf 93' lang='lat' dir='ltr'><strong>domum</strong></span> 
     </span>
    </p>

    <p class='ocr_par' dir='ltr' id='par_1_12' title="bbox 219 4063 1394 4592">
     <span class='ocr_line' id='line_1_30' title="bbox 310 4063 678 4124; baseline 0 -2"><span class='ocrx_word' id='word_1_222' title='bbox 310 4065 404 4124; x_wconf 84' lang='lat' dir='ltr'><strong>Forte</strong></span> <span class='ocrx_word' id='word_1_223' title='bbox 429 4065 468 4122; x_wconf 95' lang='lat' dir='ltr'><strong>ad</strong></span> <span class='ocrx_word' id='word_1_224' title='bbox 492 4078 551 4122; x_wconf 88' lang='lat' dir='ltr'><strong>nos</strong></span> <span class='ocrx_word' id='word_1_225' title='bbox 574 4063 678 4122; x_wconf 91' lang='lat' dir='ltr'><strong>rediit.</strong></span> 
     </span>
     <span class='ocr_line' id='line_1_31' title="bbox 220 4174 1393 4248; baseline -0.003 -12"><span class='ocrx_word' id='word_1_226' title='bbox 220 4179 248 4236; x_wconf 90' lang='lat' dir='ltr'>N</span> <span class='ocrx_word' id='word_1_227' title='bbox 251 4195 267 4236; x_wconf 93' lang='lat' dir='ltr'><strong>e</strong></span> <span class='ocrx_word' id='word_1_228' title='bbox 287 4178 458 4236; x_wconf 91' lang='lat' dir='ltr'><strong>trochaeus</strong></span> <span class='ocrx_word' id='word_1_229' title='bbox 478 4177 563 4236; x_wconf 91' lang='lat' dir='ltr'><strong>inter</strong></span> <span class='ocrx_word' id='word_1_230' title='bbox 574 4192 689 4235; x_wconf 85' lang='lat' dir='ltr'><strong>versus</strong></span> <span class='ocrx_word' id='word_1_231' title='bbox 702 4175 858 4234; x_wconf 89' lang='lat' dir='ltr'><strong>iambicos</strong></span> <span class='ocrx_word' id='word_1_232' title='bbox 871 4175 982 4234; x_wconf 84' lang='lat' dir='ltr'><strong>veniat</strong></span> <span class='ocrx_word' id='word_1_233' title='bbox 994 4176 1090 4248; x_wconf 83' lang='lat' dir='ltr'><strong>vulgo</strong></span> <span class='ocrx_word' id='word_1_234' title='bbox 1103 4191 1188 4233; x_wconf 91' lang='lat' dir='ltr'><strong>nuno</strong></span> <span class='ocrx_word' id='word_1_235' title='bbox 1201 4174 1306 4234; x_wconf 89' lang='lat' dir='ltr'><strong>editur</strong></span> <span class='ocrx_word' id='word_1_236' title='bbox 1318 4189 1393 4247; x_wconf 92' lang='lat' dir='ltr'><strong>quo</strong></span> 
     </span>
     <span class='ocr_line' id='line_1_32' title="bbox 220 4287 1394 4364; baseline -0.003 -15"><span class='ocrx_word' id='word_1_237' title='bbox 220 4291 314 4350; x_wconf 90' lang='lat' dir='ltr'><strong>illic</strong></span> <span class='ocrx_word' id='word_1_238' title='bbox 337 4306 393 4364; x_wconf 92' lang='lat' dir='ltr'><strong>pro</strong></span> <span class='ocrx_word' id='word_1_239' title='bbox 418 4306 494 4363; x_wconf 93' lang='lat' dir='ltr'><strong>quo</strong></span> <span class='ocrx_word' id='word_1_240' title='bbox 519 4291 603 4349; x_wconf 90' lang='lat' dir='ltr'><strong>ille.</strong></span> <span class='ocrx_word' id='word_1_241' title='bbox 629 4291 777 4363; x_wconf 83' lang='lat' dir='ltr'><strong>Agnosco</strong></span> <span class='ocrx_word' id='word_1_242' title='bbox 802 4289 1008 4349; x_wconf 89' lang='lat' dir='ltr'><strong>correctionis</strong></span> <span class='ocrx_word' id='word_1_243' title='bbox 1033 4303 1175 4363; x_wconf 85' lang='lat' dir='ltr'><strong>causam,</strong></span> <span class='ocrx_word' id='word_1_244' title='bbox 1201 4287 1306 4362; x_wconf 89' lang='lat' dir='ltr'><strong>ipsam</strong></span> <span class='ocrx_word' id='word_1_245' title='bbox 1331 4303 1394 4346; x_wconf 91' lang='lat' dir='ltr'><strong>non</strong></span> 
     </span>
     <span class='ocr_line' id='line_1_33' title="bbox 220 4401 1393 4478; baseline -0.002 -16"><span class='ocrx_word' id='word_1_246' title='bbox 220 4405 333 4478; x_wconf 92' lang='lat' dir='ltr'><strong>probo:</strong></span> <span class='ocrx_word' id='word_1_247' title='bbox 368 4420 479 4462; x_wconf 88' lang='lat' dir='ltr'><strong>cascas</strong></span> <span class='ocrx_word' id='word_1_248' title='bbox 511 4404 597 4462; x_wconf 88' lang='lat' dir='ltr'><strong>enim</strong></span> <span class='ocrx_word' id='word_1_249' title='bbox 628 4404 858 4462; x_wconf 82' lang='lat' dir='ltr'><strong>vocabulorum</strong></span> <span class='ocrx_word' id='word_1_250' title='bbox 889 4404 1011 4461; x_wconf 86' lang='lat' dir='ltr'><strong>formas</strong></span> <span class='ocrx_word' id='word_1_251' title='bbox 1043 4402 1212 4461; x_wconf 88' lang='lat' dir='ltr'><strong>obtrudere</strong></span> <span class='ocrx_word' id='word_1_252' title='bbox 1245 4401 1393 4460; x_wconf 85' lang='lat' dir='ltr'><strong>Terentio</strong></span> 
     </span>
     <span class='ocr_line' id='line_1_34' title="bbox 219 4515 1394 4592; baseline -0.003 -16"><span class='ocrx_word' id='word_1_253' title='bbox 219 4517 331 4576; x_wconf 90' lang='lat' dir='ltr'><strong>invitis</strong></span> <span class='ocrx_word' id='word_1_254' title='bbox 356 4517 517 4576; x_wconf 89' lang='lat' dir='ltr'><strong>codicibus</strong></span> <span class='ocrx_word' id='word_1_255' title='bbox 540 4532 604 4577; x_wconf 92' lang='lat' dir='ltr'><strong>non</strong></span> <span class='ocrx_word' id='word_1_256' title='bbox 628 4517 743 4592; x_wconf 91' lang='lat' dir='ltr'><strong>ausim,</strong></span> <span class='ocrx_word' id='word_1_257' title='bbox 764 4517 930 4590; x_wconf 91' lang='lat' dir='ltr'><strong>multoque</strong></span> <span class='ocrx_word' id='word_1_258' title='bbox 950 4517 1031 4574; x_wconf 89' lang='lat' dir='ltr'><strong>mihi</strong></span> <span class='ocrx_word' id='word_1_259' title='bbox 1052 4517 1171 4576; x_wconf 90' lang='lat' dir='ltr'><strong>arridet</strong></span> <span class='ocrx_word' id='word_1_260' title='bbox 1189 4515 1295 4588; x_wconf 83' lang='lat' dir='ltr'><strong>magis</strong></span> <span class='ocrx_word' id='word_1_261' title='bbox 1314 4515 1394 4573; x_wconf 89' lang='lat' dir='ltr'><strong>haec</strong></span> 
     </span>
    </p>
   </div>
   <div class='ocr_carea' id='block_1_5' title="bbox 0 0 1632 5272">
    <p class='ocr_par' dir='ltr' id='par_1_13' title="bbox 0 0 1632 5272">
     <span class='ocr_line' id='line_1_35' title="bbox 0 0 1632 5272; baseline 0 0"><span class='ocrx_word' id='word_1_262' title='bbox 0 0 1632 5272; x_wconf 95' lang='lat' dir='ltr'><strong> </strong></span> 
     </span>
    </p>
   </div>
  </div>
 </body>
</html>
