3234 5254
779 637 841 694 215

224 823 322 897 audit,
355 824 572 897 introrumpit.
604 823 764 882 Remanet
794 823 953 881 Parmeno
977 824 1009 881 et
1032 837 1144 882 secum
1168 823 1217 882 sic
1238 823 1396 897 loquitur:

356 936 427 995 Non
449 951 529 995 usus
551 936 637 995 11111
661 937 712 994 est
734 935 817 994 mihi
839 951 924 993 nunc
947 935 1032 994 hunc
1055 936 1139 995 intro
1163 937 1264 1010 sequi.

223 1049 422 1109 Annotatur:
461 1050 554 1124 ,vide
588 1048 745 1109 artificem
780 1049 977 1123 Terentium,
1013 1050 1287 1121 quemadmodum
1318 1050 1399 1110 alias

223 1176 279 1235 per
309 1162 525 1239 Pamphilum,
557 1163 639 1222 alias
661 1178 718 1237 per
740 1162 848 1236 ipsum
871 1161 1108 1221 Parmenonem
1131 1162 1264 1239 invenit,
1290 1179 1398 1236 quem-

223 1274 398 1334 admodum
428 1277 592 1336 nesciatur
622 1291 642 1335 1
672 1276 788 1335 ceteris
817 1275 978 1348 virginem
1009 1275 1085 1334 ante
1111 1276 1242 1350 nuptias
1265 1278 1304 1336 ab
1328 1276 1398 1351 ipso

223 1391 391 1466 Pamphilo
414 1390 566 1449 vitiatam
589 1390 693 1448 esse.’'

267 1506 344 1566 Hec.
376 1505 429 1581 IV,
463 1506 492 1579 2,
527 1505 578 1564 20.
611 1504 767 1578 Sostrata,
800 1504 833 1561 in
864 1517 963 1576 quam
986 1503 1164 1562 discordiae
1187 1501 1291 1562 filium
1314 1504 1398 1562 inter

223 1619 355 1692 eiusque
385 1633 522 1678 uxorem
553 1617 646 1691 culpa
677 1632 697 1676 a
726 1616 844 1676 marito
876 1616 1047 1690 confertur,
1081 1616 1228 1676 emedio
1250 1616 1398 1676 recedere

222 1733 293 1791 vult
316 1734 349 1791 et
371 1747 427 1790 rus
450 1731 547 1805 abire,
572 1729 702 1803 filioque
725 1730 897 1789 consilium
920 1744 1017 1788 suum
1041 1729 1088 1788 sio
1112 1713 1346 1789 commendati

399 1845 488 1904 Haec
507 1844 589 1903 mihi
608 1859 693 1903 nunc
713 1859 790 1902 cura
809 1845 860 1902 est
878 1843 1035 1917 maxima,
1056 1844 1093 1902 ut
1111 1859 1152 1902 ne
1173 1843 1224 1902 cui
1242 1859 1317 1902 mea

310 1959 542 2044 Longinquitas
566 1959 684 2018 aetatis
707 1958 822 2032 obstet,
844 1959 1026 2018 mortemve
1046 1958 1215 2031 exspectet
1232 1973 1351 2017 meam.

221 2072 421 2131 Annotatur:
445 2072 575 2147 ,seduio
596 2071 664 2145 agit
679 2085 791 2130 socrus
807 2085 847 2128 ne
864 2070 939 2142 quid
954 2086 1011 2144 per
1026 2070 1226 2129 iracundiam
1243 2071 1398 2130 statuisse

221 2185 378 2245 videatur.
410 2186 491 2244 Vide
520 2186 633 2244 tamen
663 2186 700 2244 ut
730 2184 992 2243 intermisceatur
1022 2183 1199 2256 indignatio
1231 2184 1264 2242 11
1294 2184 1399 2244 multa

223 2298 330 2358 dolore
353 2300 543 2373 deprompta
566 2299 641 2373 sint,
667 2300 749 2372 quod
773 2299 868 2372 poeta
891 2313 956 2357 non
979 2298 1101 2356 invitus
1124 2298 1203 2357 11111
1226 2299 1266 2356 ad
1289 2313 1397 2357 mores

222 2413 450 2485 exprimendos
473 2427 691 2486 personasque
715 2412 925 2471 reddendas.’'
968 2429 971 2434 ¹

266 2525 344 2585 Hec.
376 2525 414 2600 V,
447 2527 477 2600 4,
512 2527 562 2585 11.
587 2525 756 2600 Parmeno,
781 2541 951 2586 servorum
974 2525 1122 2584 omnium
1146 2525 1396 2600 curiosissimus

222 2637 261 2697 ad
292 2639 428 2697 herilem
458 2637 562 2697 fllium
593 2639 745 2698 nuntium
777 2639 896 2714 attulit,
928 2655 990 2712 quo
1022 2640 1152 2712 accepto
1176 2638 1230 2697 ille
1254 2638 1399 2698 exsultat

222 2751 355 2824 gaudio;
380 2752 449 2826 ipse
473 2754 585 2811 tamen
608 2753 683 2826 quid
707 2753 740 2810 in
764 2753 877 2812 nuntio
901 2753 980 2811 insit
1002 2752 1080 2811 laeti
1103 2753 1196 2811 iuxta
1216 2767 1290 2811 curn
1310 2751 1396 2825 igna-

221 2865 362 2924 rissimis
386 2865 522 2938 ignorat.
547 2865 687 2938 Roganti
711 2880 785 2938 ergo
810 2865 957 2924 domino:

354 2978 461 3051 Egone
481 2980 514 3037 te
534 2993 591 3052 pro
610 2979 671 3037 hoc
686 2978 799 3037 nuntio
812 2978 888 3051 quid
901 2978 1041 3037 donem?
1054 2979 1153 3052 quid?
1166 2978 1265 3051 quid?
1277 2978 1395 3037 nescio.

265 3092 467 3166 Respondet:

1054 3203 1141 3262 Nihil
1165 3204 1285 3263 enim.¹

355 3319 439 3378 Nam
468 3334 571 3392 neque
595 3319 629 3377 in
651 3318 766 3378 nuntio
789 3333 892 3392 neque
916 3319 949 3376 in
972 3319 1118 3392 meipso
1142 3317 1201 3377 tibi
1223 3317 1299 3376 boni
1322 3317 1397 3391 quid

1197 3431 1252 3502 [sit
1274 3431 1351 3490 scio.

222 3548 423 3606 Annotatur:
459 3547 581 3620 ,facete
609 3547 677 3619 agit
700 3546 869 3605 Terentius
893 3547 939 3621 ut,
965 3547 1085 3619 quanto
1108 3545 1215 3618 magis
1238 3546 1397 3604 Parmeno

222 3659 368 3719 curiosus
392 3661 451 3734 est,
476 3661 568 3719 tanto
593 3659 699 3732 magis
722 3657 847 3718 nesciat
870 3658 926 3717 1111
949 3674 1031 3731 quae
1055 3659 1174 3732 cupit.’'

266 3772 305 3836 V.
337 3773 400 3832 Ubi
431 3774 493 3832 duo
525 3773 673 3832 homines
704 3773 738 3832 in
768 3787 866 3831 scena
888 3773 1070 3847 versantur,
1096 3772 1171 3845 quid
1194 3772 1276 3831 alter
1299 3771 1398 3831 faciat

220 3887 316 3960 quive
351 3887 421 3946 eius
453 3887 519 3945 sint
548 3888 660 3959 gestus
692 3902 733 3944 ex
765 3885 898 3945 alterius
922 3887 1055 3959 apparet
1077 3886 1194 3944 verbis.
1219 3885 1311 3943 Multi
1334 3884 1397 3942 huc

222 4000 421 4060 scholiastae
463 4001 525 4060 loci
560 4000 731 4075 pertinent,
768 4014 848 4072 quos
883 4013 997 4058 omnes
1032 3999 1131 4058 citare
1166 3999 1300 4071 longum
1336 3999 1395 4073 est,

222 4129 326 4187 neque
349 4113 454 4173 facilis
478 4113 602 4173 1111111.

270 4225 327 4290 vl.
359 4227 533 4301 Nunquam
565 4229 736 4301 quisquam
764 4229 798 4287 in
822 4229 963 4287 Terentii
987 4227 1161 4287 comoediis
1184 4229 1254 4286 tam
1277 4225 1399 4285 stultus

220 4342 271 4399 est
302 4341 380 4413 quin
410 4342 523 4399 tamen
549 4341 690 4401 astutiae
714 4341 832 4400 habeat
855 4341 984 4414 aliquid.
1009 4341 1088 4399 Vide
1112 4341 1172 4400 hac
1195 4342 1234 4400 de
1258 4357 1292 4399 re
1316 4355 1398 4413 quae

220 4454 408 4513 dictasunt
433 4454 530 4512 huius
553 4455 626 4513 libri
649 4471 679 4528 p.
705 4455 746 4514 35
773 4455 823 4523 (ad
846 4454 925 4513 Eun.
950 4469 998 4514 vs.
1023 4455 1109 4522 4431.
