3234 5254
755 625 817 684 214

240 812 311 876 ΙΙΙ.
344 813 439 872 Nulla
468 828 545 872 vero
576 812 717 871 Terentii
748 814 853 872 virtus
876 813 1077 886 frequentius
1100 811 1250 870 laudatur
1274 825 1374 883 quam

195 926 430 1000 vigilantia
464 926 542 999 eius,
579 941 643 999 qua
677 941 758 998 quae
793 924 874 985 flant
903 925 1054 985 futurave
1084 925 1152 984 sint
1181 923 1376 984 verisimilia

194 1041 316 1098 reddat.
341 1039 538 1112 insigniores
561 1039 600 1097 de
623 1040 684 1098 hac
706 1054 741 1097 re
764 1039 852 1098 locos
875 1055 1052 1113 apponam:

239 1152 316 1211 Hec.
349 1152 389 1226 ΙΙ,
422 1153 451 1227 2,
487 1153 536 1211 19.
568 1152 692 1210 Laches
719 1152 912 1226 Phidippum
936 1153 1141 1227 reprehendit
1164 1152 1248 1226 quod
1270 1149 1375 1210 filiam

195 1269 235 1327 ad
258 1268 415 1327 maritum
438 1283 503 1326 non
526 1268 674 1327 remittat
698 1270 730 1327 et
753 1269 826 1327 aliis
849 1269 957 1327 verbis
981 1270 1014 1327 et
1036 1269 1143 1328 hisce:

328 1381 437 1454 Neque
458 1380 536 1440 adeo
553 1380 637 1439 clam
650 1396 703 1440 me
717 1383 776 1456 est,
791 1397 889 1454 quam
902 1397 974 1440 esse
987 1397 1061 1440 eum
1075 1382 1218 1455 graviter
1229 1379 1376 1439 laturum

1176 1494 1325 1568 [credam

329 1607 400 1666 Hoc
422 1607 451 1665 si
474 1607 630 1666 rescierit.

195 1721 395 1783 Annotatur:
424 1719 704 1794 „ingeniosissime
727 1722 823 1793 poeta
842 1721 909 1778 iam
929 1722 1099 1794 praeparat
1120 1735 1253 1779 causam
1273 1719 1373 1778 simu-

195 1836 301 1894 laturo
325 1835 364 1894 ob
388 1834 472 1893 hanc
495 1849 566 1892 rem
590 1833 790 1893 iracundiam
814 1834 1017 1907 Pamphilo.”

240 1948 317 2006 Hec.
342 1947 379 2022 V,
408 1949 434 2022 1,
461 1948 512 2006 80.
538 1947 674 2006 Bacchis
697 1947 867 2020 peregrina
889 1949 1003 2020 rogata
1025 1949 1062 2006 ut
1086 1948 1125 2006 ad
1145 1946 1375 2006 Philumenam

195 2062 344 2135 introeat,
370 2060 579 2118 conciliatura
603 2075 676 2118 eam
699 2059 868 2132 Pamphilo
892 2060 1011 2119 marito
1035 2060 1223 2133 respondet:

329 2175 478 2232 Faciam:
511 2174 594 2246 quod
624 2174 685 2249 pol,
718 2174 747 2232 si
770 2176 858 2233 esset
881 2174 945 2233 alia
968 2189 1009 2232 ex
1033 2174 1093 2232 hoc
1116 2175 1262 2248 quaestu,
1287 2173 1375 2231 haud

1096 2286 1229 2357 [faceret
1251 2287 1327 2346 scio.

196 2401 396 2460 Annotatur:
432 2400 623 2474 „vigilanter
653 2403 757 2474 poeta,
789 2416 830 2459 ne
860 2415 925 2459 non
955 2399 1133 2459 verisimile
1156 2400 1319 2459 videretur
1341 2400 1375 2458 id

195 2514 297 2573 ullam
323 2515 439 2574 fecisse
463 2514 678 2587 meretricem,
704 2514 772 2587 ipse
795 2514 950 2573 lectorem
973 2514 1150 2587 praevenit.
1174 2514 1215 2573 Et
1237 2514 1284 2573 sic
1306 2514 1375 2572 iere

196 2629 230 2687 in
260 2628 410 2687 omnibus
441 2627 620 2702 Terentius,
653 2642 734 2700 quae
765 2628 875 2686 minus
905 2627 1095 2701 pervulgata
1118 2629 1204 2702 sunt,
1229 2642 1375 2700 quaeque

195 2743 369 2802 abhorrent
392 2755 411 2798 a
434 2739 674 2815 consuetudine,
700 2740 799 2813 agit.”

239 2855 368 2914 Phorm.
401 2853 441 2927 II,
472 2854 498 2928 1,
525 2854 577 2912 65.
603 2851 684 2912 Cum
708 2852 790 2912 Geta
813 2868 907 2912 servo
931 2867 989 2912 suo
1013 2852 1148 2926 loquens
1170 2852 1293 2912 Demea
1315 2851 1375 2911 dlii

194 2968 378 3043 stultitiam,
412 2968 466 3041 qui
497 2983 532 3026 se
564 2969 696 3027 absente
728 2969 767 3026 ab
798 2968 943 3041 improbo
975 2969 1151 3042 impostore
1175 2968 1305 3028 coactus
1329 2968 1375 3026 sit

194 3097 331 3142 uxorem
354 3083 478 3157 ducere,
500 3097 599 3155 quam
619 3083 791 3155 cognatam
812 3082 881 3140 eius
901 3080 1039 3140 dixisset
1058 3082 1121 3158 ille,
1143 3082 1190 3140 ita
1209 3080 1373 3155 exagitat:

878 3195 971 3253 Mitto
995 3195 1114 3271 omnia,

327 3310 418 3370 Addo
442 3309 543 3369 istuc:
568 3311 755 3384 imprudens
779 3311 891 3370 timuit
914 3310 1119 3370 adolescens:
1144 3308 1225 3369 sino.

326 3425 374 3482 Tu
397 3426 528 3482 servus!
553 3425 675 3484 Verum
699 3425 727 3482 si
752 3425 890 3497 cognata
913 3425 963 3483 est
986 3423 1142 3499 maxime,

326 3537 397 3595 Non
420 3536 482 3596 fuit
505 3552 637 3596 necesse
661 3538 796 3596 habere:
817 3537 883 3611 sed,
909 3537 941 3595 id
965 3537 1048 3609 quod
1071 3537 1126 3596 lex
1150 3537 1247 3612 iubet,

325 3649 442 3709 Dotem
468 3650 600 3725 daretis·
623 3652 791 3724 quaereret
815 3650 916 3709 alium
937 3639 1057 3709 ‘virum

327 3763 395 3837 Qua
418 3764 543 3822 ratione
566 3763 696 3837 inopem
719 3764 827 3838 potius
851 3763 988 3823 ducebat
1012 3764 1170 3822 domum?

190 3877 390 3936 Annotatur:
420 3877 498 3950 „sub
512 3877 645 3936 obtentu
669 3878 765 3936 huius
788 3876 1025 3952 propositionis
1051 3877 1084 3936 in
1108 3892 1171 3949 qua
1194 3892 1269 3950 pars
1290 3876 1372 3950 legis

190 3990 380 4064 ostenditur,
405 3988 472 4047 iam
496 3991 592 4063 poeta
614 3993 784 4065 praeparat
807 3991 913 4050 locum
938 3990 1085 4049 fallaciae
1106 3990 1312 4050 Phormionis
1333 3990 1372 4049 de

190 4103 264 4161 dote
287 4101 504 4175 accipienda.’'

237 4213 295 4278 lV.
319 4215 515 4288 Vigilantiae
539 4215 665 4274 similes
688 4215 827 4275 virtutes
847 4216 988 4276 Terentii
1008 4217 1059 4275 his
1079 4216 1159 4276 locis
1178 4216 1370 4276 laudantur:

122 4357 124 4362 v
233 4329 310 4388 Hec.
344 4328 400 4403 ΙΙΙ,
436 4330 462 4404 1,
495 4329 548 4388 47.
581 4328 780 4405 Pamphilus,
813 4329 868 4402 qui
899 4332 995 4389 modo
1024 4345 1098 4389 cum
1123 4345 1218 4389 servo
1241 4329 1370 4388 Parme-

191 4456 274 4500 none
309 4445 384 4499 ante
420 4442 541 4501 ostium
572 4442 784 4501 Philumenae
815 4443 960 4517 steterat,
994 4443 1161 4516 aegrotare
1191 4441 1247 4501 ubi
1278 4440 1372 4500 iilam
