3230 5260
845 671 906 729 112

286 860 432 919 codicum
462 863 614 920 naturam
645 876 836 934 cognoscere
865 861 954 936 velit,
983 861 1158 920 dummodo
1183 875 1376 934 persuasum
1398 861 1454 919 1111

285 974 403 1034 111111
433 975 560 1033 nullum
591 990 734 1048 unquam
765 974 873 1034 locum
904 975 964 1034 hac
995 976 1120 1034 ratione
1144 991 1216 1034 esse
1239 976 1452 1050 emendatum,

284 1088 410 1147 nullum
433 1087 568 1163 posthac
591 1089 756 1147 sublatum
780 1089 819 1147 iri
842 1089 969 1147 vitium.

331 1203 588 1277 „Scholiastam”
620 1205 731 1263 autem
762 1219 891 1278 semper
920 1204 1029 1262 virum
1060 1204 1152 1264 illum
1185 1205 1351 1279 egregium
1374 1204 1453 1263 dixi:

284 1318 473 1392 pervulgato
493 1299 610 1378 Donati
629 1319 760 1378 nomine
780 1319 829 1378 uti
848 1333 948 1378 ausus
967 1334 1031 1378 non
1050 1334 1142 1378 sum:
1164 1319 1230 1378 iam
1250 1319 1338 1377 enim
1351 1318 1454 1389 animo

284 1433 512 1505 praevidebam
543 1433 630 1490 viros
661 1433 772 1492 doctos
803 1432 857 1506 qui
884 1432 1014 1506 agmine
1044 1432 1130 1492 iacto
1161 1433 1194 1492 in
1224 1447 1278 1492 me
1302 1413 1456 1491 irruerent

285 1547 368 1619 quod
390 1562 454 1605 non
473 1546 671 1605 Euanthium
692 1547 859 1606 dixissem.
881 1547 1029 1607 Sciebam
1049 1547 1262 1620 gravissimas
1281 1546 1454 1605 multorum

284 1661 349 1719 iras
380 1660 513 1734 moveri,
546 1661 575 1718 11
606 1659 678 1733 quis
708 1660 860 1719 Euanthii
890 1661 987 1736 illiue,
1020 1676 1117 1734 quem
1144 1661 1340 1734 magistrum
1363 1674 1454 1717 suum

284 1774 362 1834 dicit
384 1773 520 1833 Rufinus
544 1775 707 1844 (demetr.
729 1779 833 1850 com),
855 1776 1014 1835 rationem
1034 1791 1099 1834 non
1118 1774 1260 1834 haberet.
1281 1773 1366 1833 Huic
1385 1788 1455 1846 ergo

199 1956 202 1961 ,
286 1889 487 1948 scholiorum
518 1887 784 1948 Terentianorum
817 1889 954 1948 alteram
985 1889 1046 1964 hic,
1075 1889 1129 1947 ille
1157 1889 1295 1947 alteram
1317 1887 1455 1946 vindicat

283 2005 420 2077 partem,
453 2003 558 2077 hique,
591 2003 674 2075 quod
705 1999 774 2060 fieri
804 2002 887 2061 solet
918 2003 951 2061 in
982 2002 1077 2061 rebus
1101 2001 1221 2061 nullius
1244 2000 1403 2060 momenti
1426 2001 1455 2058 et

285 2132 365 2190 quae
386 2117 473 2174 certo
494 2117 569 2174 sciri
589 2117 741 2189 poterunt
760 2131 935 2200 nunquam,
950 2115 1187 2174 internecivum
1199 2115 1285 2174 inter
1297 2130 1332 2173 se
1344 2115 1455 2188 gerunt

283 2231 413 2289 bellum.
439 2230 508 2288 Hoc
526 2244 630 2289 unum
650 2231 778 2288 constat
798 2231 1070 2288 commentarium
1089 2228 1182 2287 illum
1202 2229 1242 2287 ad
1262 2226 1452 2301 Terentium,

284 2344 338 2417 qui
369 2343 486 2402 Donati
514 2343 611 2416 vulgo
635 2343 759 2417 dicitur,
786 2342 824 2402 ab
848 2359 911 2402 uno
936 2343 1067 2401 homine
1091 2342 1187 2402 scribi
1211 2359 1275 2402 non
1297 2343 1452 2416 potuisse:

283 2457 480 2531 farraginem
512 2472 584 2515 esse
611 2472 675 2515 non
699 2457 827 2516 librum.
852 2457 981 2516 Primus
1005 2457 1200 2530 indigestam
1224 2457 1315 2515 illam
1338 2456 1454 2516 molem

284 2571 466 2630 admirabili
489 2570 648 2630 industria
671 2587 774 2644 neque
794 2571 919 2630 minore
938 2571 1084 2630 doctrina
1103 2571 1155 2629 his
1175 2571 1269 2629 annis
1288 2571 1453 2644 perlustra-

284 2686 332 2744 vit
354 2685 404 2743 vir
427 2685 645 2768 peritissimus
668 2685 1004 2758 prudentissimusque
1023 2684 1061 2743 R.
1083 2683 1272 2742 Sabbadini:
1294 2684 1454 2757 ingentem

283 2814 456 2858 numemm
489 2799 644 2873 codicum,
681 2798 796 2871 quibus
832 2799 1014 2857 continetur
1048 2799 1113 2873 illa,
1146 2797 1231 2857 inter
1254 2813 1289 2856 11
1313 2797 1452 2870 contulit,

283 2913 412 2971 illorum
455 2912 626 2972 historiam
669 2913 868 2987 conscripsit,
909 2913 1045 2986 denique
1080 2914 1118 2972 de
1154 2914 1254 2972 totius
1288 2911 1457 2985 farraginis

284 3027 405 3100 origine
441 3029 537 3100 atque
573 3027 758 3086 auctoribus
792 3028 936 3086 instituit
970 3028 1204 3101 quaestionem.
1241 3028 1293 3086 Sic
1327 3023 1457 3086 tandem

283 3141 454 3214 aliquando
474 3141 557 3200 hanc
577 3141 638 3200 sibi
658 3141 847 3201 informavit
866 3142 1064 3201 sententiam
1084 3143 1133 3200 vir
1145 3141 1455 3216 praestantissimus,

284 3269 383 3326 quam
406 3255 562 3328 singulari
586 3255 728 3314 defendit
751 3256 916 3314 acumine:

329 3365 561 3436 commentarii
585 3371 696 3428 auctor
719 3370 873 3443 paterque
898 3384 981 3427 unus
1006 3370 1057 3427 est
1078 3369 1240 3442 Donatus;
1262 3361 1457 3429 Euanthium

283 3481 423 3539 missurn
454 3482 559 3542 facere
590 3498 774 3555 possumus,
808 3482 869 3540 Sed
900 3481 1039 3540 accessit
1068 3482 1193 3542 Donato
1224 3484 1283 3558 vir,
1312 3483 1367 3554 qui
1391 3481 1457 3541 eius

283 3596 509 3655 annotationes
540 3597 573 3654 in
600 3596 730 3654 brevius
754 3596 916 3655 contraxit
939 3596 1091 3671 spatium,
1118 3611 1179 3669 quo
1202 3596 1327 3656 iactum
1351 3596 1458 3656 estut

283 3724 379 3782 saepe
414 3710 454 3768 ad
485 3710 626 3783 aliquem
656 3724 789 3768 versum
820 3709 870 3767 bis
901 3709 987 3767 idem
1018 3711 1211 3768 annotatum
1242 3710 1455 3785 inveniamus

284 3821 390 3882 verbis
413 3823 528 3882 leviter
547 3823 741 3882 immutatis
763 3821 883 3880 Deinde
904 3822 1176 3881 commentarium
1196 3825 1456 3884 auxerrmtvario

283 3951 320 3995 ac
351 3936 525 3996 desultorio
556 3937 664 3996 labore
695 3936 791 3995 multi
815 3935 870 3994 alii
895 3934 1104 3994 Scholiastae.
1131 3935 1272 4010 Quorum
1295 3953 1381 3997 unus
1405 3952 1457 3998 eas

283 4050 413 4124 scripsit
443 4051 678 4125 annotationes
711 4049 827 4123 quibus
857 4049 1003 4107 Donatus
1034 4048 1194 4108 refutatur
1221 4049 1363 4118 (initium
1386 4051 1457 4110 illae

282 4163 403 4223 habent
426 4179 446 4223 a
468 4165 601 4224 vocibus
621 4165 693 4224 sed
717 4179 807 4239 ego:
829 4163 897 4237 ipse
917 4163 1062 4222 Donatus
1082 4164 1121 4222 de
1141 4178 1177 4222 11
1196 4179 1325 4238 semper
1344 4165 1457 4239 plurali

282 4277 385 4335 utitur
416 4283 572 4349 numero).
603 4278 696 4338 Alter
727 4277 905 4350 corrigendi
933 4291 1031 4335 causa
1053 4276 1176 4336 addidit
1198 4278 1367 4354 quaedam,
1393 4293 1455 4338 am-

282 4389 443 4464 plificandi
482 4407 580 4451 causa
618 4391 707 4465 alter,
748 4391 829 4450 alter
867 4390 1004 4462 denique
1041 4389 1121 4448 locis
1152 4406 1194 4450 ex
1223 4391 1325 4451 variis
1355 4391 1457 4467 poetis

282 4504 555 4578 scriptoribnsque
587 4521 606 4564 a
636 4505 761 4564 Donato
793 4505 902 4563 citatis
925 4518 1027 4563 unum
1050 4504 1199 4576 pluresve
1223 4505 1341 4564 adiecit
1364 4507 1457 4577 (hunc
