3230 5260
707 689 767 747 131

152 887 225 933 cum
260 875 485 936 Westerhovio
520 876 691 950 legendum
726 877 959 937 communis
989 892 1045 950 pro
1077 876 1319 935 commissa:
1367 921 1369 928 .

151 1005 214 1048 non
234 990 322 1049 enim
342 990 491 1050 credibile
511 991 800 1051 estcommissa
819 991 871 1050 hic
890 991 1075 1050 habere-rot
1089 990 1321 1049 communis

151 1102 429 1179 significationem,
455 1105 651 1178 quantique
675 1121 755 1178 opus
779 1106 837 1166 est.

195 1217 247 1275 94.
272 1216 325 1276 Ut
348 1217 407 1276 nil
431 1221 569 1292 supra]
598 1218 746 1292 ,llllipsis
769 1219 979 1291 Terentiana;
1004 1233 1081 1276 nam
1104 1233 1168 1277 non
1191 1232 1323 1276 necesse

150 1330 201 1388 est
231 1330 424 1405 subiungere
444 1331 523 1390 duos
546 1332 693 1392 versus’'
717 1331 968 1390 Efficiendumne
991 1331 1066 1390 hinc
1090 1347 1202 1390 revera
1224 1331 1324 1390 fuisse

151 1443 300 1502 homines
327 1445 405 1504 adeo
429 1445 584 1520 stupidos,
610 1446 665 1518 qui
687 1446 837 1505 lacunam
861 1445 913 1504 hio
936 1447 1119 1520 statuerint,
1145 1461 1242 1518 quam
1266 1459 1324 1503 suo

151 1557 253 1616 Marte
285 1558 509 1632 expleverint?
540 1559 623 1618 Nam
655 1560 738 1632 quod
768 1560 1014 1618 Westerhovius
1044 1560 1192 1633 proponit
1223 1559 1324 1617 duas

149 1685 277 1730 voces
309 1671 409 1740 (velut
439 1672 522 1731 dici
553 1675 688 1745 queat)
721 1673 856 1732 minime
887 1673 1001 1746 placet.
1034 1673 1067 1731 Si
1091 1673 1178 1732 enim
1202 1673 1324 1746 ellipsis

151 1785 210 1858 est,
235 1785 418 1843 necessario
443 1786 601 1858 quaedam
623 1787 780 1845 vocabula
803 1788 879 1844 sunt
902 1786 1132 1860 subiungenda.

198 1897 271 1957 121.
296 1897 348 1956 Ut
372 1899 441 1971 qui
464 1915 507 1958 se
530 1901 666 1973 neget]
694 1900 866 1975 ,Probavit
890 1901 972 1973 quod
992 1915 1057 1960 non
1076 1899 1205 1959 volebat
1224 1913 1326 1957 senex

151 2011 280 2072 Sosiae:
313 2013 415 2073 adhuc
447 2015 595 2088 superest
625 2016 661 2072 ut
684 2015 834 2073 ostendat
857 2016 940 2087 quod
963 2030 1028 2073 non
1051 2014 1094 2072 sit
1121 2013 1326 2072 irascendum

151 2126 228 2198 quin
260 2126 344 2186 iuste
375 2126 565 2186 irascatur.”
598 2127 729 2186 Minime
760 2129 921 2187 assentior
950 2128 1176 2189 Westerhovio
1199 2127 1326 2186 variam

151 2238 325 2324 lectionem
360 2239 590 2299 iracundus
625 2242 694 2313 qui
729 2244 795 2315 (pro
826 2242 1095 2301 irascendum
1126 2241 1234 2314 quin)
1258 2256 1326 2313 pro-

150 2355 260 2414 banti:
284 2355 364 2414 haec
388 2355 475 2413 enim
499 2355 732 2415 demonstratio
753 2373 772 2416 a
792 2357 879 2415 senis
900 2356 1031 2416 consilio
1052 2357 1146 2430 plane
1167 2355 1325 2429 abhorret,

150 2467 317 2541 totiusque
347 2469 461 2528 scholii
492 2469 571 2528 haec
602 2472 652 2528 est
682 2471 861 2530 sententia:
897 2471 1053 2545 ,alteram
1076 2471 1203 2544 partem
1227 2483 1328 2527 senex

152 2582 294 2643 absolvit
313 2583 517 2658 perfecitque,
538 2599 624 2642 nunc
643 2584 682 2642 ad
703 2584 839 2643 alteram
857 2584 1007 2643 transit.”
1022 2584 1084 2642 Sed
1096 2583 1201 2657 prima
1213 2580 1327 2640 scholii

150 2698 252 2757 verba
276 2699 425 2771 corrupta
448 2700 534 2771 puto,
559 2713 678 2771 proque
702 2699 900 2772 probavit
924 2699 1028 2771 quod
1051 2712 1131 2755 non
1154 2695 1328 2754 volebat

150 2811 325 2885 legendum
356 2811 551 2870 narravit
582 2811 687 2884 quod
717 2811 898 2871 volebat.
930 2811 981 2870 Ita
1012 2811 1099 2869 enim
1127 2810 1210 2868 hanc
1233 2807 1325 2867 habe-

150 2925 261 2984 bimus
285 2926 545 2985 annotationem:
566 2941 604 2984 ea
622 2940 697 2999 pars
719 2925 876 3000 colloquii,
899 2926 932 2984 in
952 2941 1014 2998 qua
1034 2939 1085 2983 res
1105 2924 1216 2997 gestae
1236 2922 1328 2980 erant

151 3039 341 3114 narrandae,
363 3037 462 3098 finem
482 3039 548 3098 iam
568 3039 682 3113 habet;
703 3041 851 3113 superest
870 3041 907 3098 ut
919 3055 1020 3098 senex
1033 3038 1143 3097 Sosiae
1156 3034 1326 3122 consilium

151 3168 251 3212 snum
281 3153 402 3229 probet,
435 3139 527 3225 eique
558 3153 751 3226 persuadeat
781 3153 953 3226 prudenter
984 3169 1019 3211 se
1043 3167 1137 3226 agere
1162 3149 1215 3222 qui
1239 3147 1328 3222 prius

152 3267 251 3328 irasci
273 3266 355 3326 nolit
378 3283 476 3340 quarn
500 3267 621 3326 iustam
645 3267 804 3326 irascendi
827 3282 960 3326 oausam
983 3269 1098 3326 nactus
1122 3265 1174 3324 sit.

201 3381 274 3439 127.
306 3379 501 3439 Reliotus
534 3382 599 3439 est
629 3381 883 3455 obiurgandi
914 3381 1043 3449 locus]
1076 3379 1173 3454 ,Mire
1197 3377 1328 3437 obiur-

151 3494 294 3568 gandi:
319 3496 488 3568 tamquam
508 3495 659 3554 incensus
678 3496 770 3567 pater
789 3494 822 3553 in
841 3492 946 3553 filium
965 3494 1159 3553 videretur.”
1174 3491 1329 3566 Oorrupta

151 3608 234 3666 haec
268 3608 344 3666 sunt
378 3609 474 3681 atque
509 3608 555 3666 ita
590 3609 790 3667 emendanda
819 3610 856 3666 ut
886 3609 972 3668 recte
1004 3609 1141 3681 apteque
1171 3605 1329 3666 addantur

152 3721 269 3780 verba:
305 3721 407 3795 ,Nam
439 3736 537 3795 supra
560 3723 743 3780 commotus
766 3721 838 3795 plus
861 3737 918 3795 per
941 3718 1147 3796 ἀποσιώπησιν
1171 3717 1327 3793 significa·

153 3835 278 3910 verat,”
311 3834 427 3907 quibus
456 3833 566 3893 sosiae
597 3835 695 3893 verba
727 3835 830 3904 (122);
862 3834 949 3894 Non
979 3837 1023 3893 tu
1046 3834 1105 3893 ibi
1132 3831 1328 3906 gnatum?

152 3947 386 4021 respiciuntur;
412 3948 626 4021 quoniamque
650 3949 706 4007 illa
729 3944 932 4024 ἀποσιώπησις
956 3949 1042 4008 haud
1060 3962 1196 4022 parvam
1216 3944 1329 4004 habuit

154 4062 375 4136 acerbitatem,
408 4063 469 4122 hoc
499 4063 565 4122 fere
596 4063 710 4122 scholii
741 4079 813 4122 esse
844 4064 938 4133 debet
968 4063 1114 4122 initium:
1151 4060 1248 4135 ,Mire
1271 4058 1327 4116 ob·

154 4175 369 4248 iurgandi:
390 4177 559 4249 tamquam
572 4177 638 4236 iarn
650 4177 820 4250 mitigatus
833 4178 866 4235 in
877 4177 1004 4251 patroni
1015 4175 1120 4234 filium
1132 4171 1326 4232 videretur.”

153 4288 238 4347 Nam
258 4289 336 4347 olim
355 4303 431 4362 prae
450 4289 669 4362 indignatione
690 4291 799 4350 sosias
819 4291 893 4364 quid
913 4290 1033 4350 diceret
1048 4304 1112 4347 non
1124 4285 1326 4356 inveniebat3

154 4417 241 4461 nuno
260 4417 325 4461 non
344 4403 451 4461 solum
470 4401 594 4476 perficit
614 4403 908 4477 interrogationem,
930 4404 987 4462 sed
1007 4403 1106 4461 etiam
1126 4401 1160 4459 in
1176 4415 1214 4458 ea
1225 4398 1328 4456 utitur

156 4513 345 4589 obiurgandi
368 4515 465 4574 verbo
486 4516 567 4574 satis
591 4515 666 4574 leni.
970 4497 972 4501 ⁸
