<?xml version="1.0" encoding="UTF-8"?>
<!DOCTYPE html PUBLIC "-//W3C//DTD XHTML 1.0 Transitional//EN"
    "http://www.w3.org/TR/xhtml1/DTD/xhtml1-transitional.dtd">
<html xmlns="http://www.w3.org/1999/xhtml" xml:lang="en" lang="en">
 <head>
  <title>
</title>
<meta http-equiv="Content-Type" content="text/html;charset=utf-8" />
  <meta name='ocr-system' content='tesseract 3.04.00' />
  <meta name='ocr-capabilities' content='ocr_page ocr_carea ocr_par ocr_line ocrx_word'/>
</head>
<body>
  <div class='ocr_page' id='page_1' title='image "./deterentioetdon00hartgoog_0088.png"; bbox 0 0 3230 5260; ppageno 0'>
   <div class='ocr_carea' id='block_1_1' title="bbox 726 675 800 734">
    <p class='ocr_par' dir='ltr' id='par_1_1' title="bbox 726 675 800 734">
     <span class='ocr_line' id='line_1_1' title="bbox 726 675 800 734; baseline 0 0"><span class='ocrx_word' id='word_1_1' title='bbox 726 675 800 734; x_wconf 85' lang='lat'>73·</span> 
     </span>
    </p>
   </div>
   <div class='ocr_carea' id='block_1_2' title="bbox 146 845 1334 4007">
    <p class='ocr_par' dir='ltr' id='par_1_2' title="bbox 146 845 1334 4007">
     <span class='ocr_line' id='line_1_2' title="bbox 163 845 1334 936; baseline 0 -16"><span class='ocrx_word' id='word_1_2' title='bbox 163 862 372 930; x_wconf 85' lang='lat' dir='ltr'>(Scholiastae</span> <span class='ocrx_word' id='word_1_3' title='bbox 403 864 483 924; x_wconf 89' lang='lat' dir='ltr'>haec</span> <span class='ocrx_word' id='word_1_4' title='bbox 513 865 612 925; x_wconf 90' lang='lat' dir='ltr'>verba</span> <span class='ocrx_word' id='word_1_5' title='bbox 634 866 720 933; x_wconf 78' lang='lat' dir='ltr'>sunt)</span> <span class='ocrx_word' id='word_1_6' title='bbox 746 863 912 922; x_wconf 90' lang='lat' dir='ltr'>denarrat:</span> <span class='ocrx_word' id='word_1_7' title='bbox 937 845 1133 936; x_wconf 87' lang='lat' dir='ltr'>prehensum</span> <span class='ocrx_word' id='word_1_8' title='bbox 1157 877 1176 920; x_wconf 92' lang='lat' dir='ltr'>a</span> <span class='ocrx_word' id='word_1_9' title='bbox 1198 861 1334 935; x_wconf 86' lang='lat' dir='ltr'>virginis</span> 
     </span>
     <span class='ocr_line' id='line_1_3' title="bbox 160 975 1331 1039; baseline -0.001 -5"><span class='ocrx_word' id='word_1_10' title='bbox 160 975 257 1035; x_wconf 87' lang='lat' dir='ltr'>fratre</span> <span class='ocrx_word' id='word_1_11' title='bbox 289 976 459 1038; x_wconf 83' lang='lat' dir='ltr'>Chremeta</span> <span class='ocrx_word' id='word_1_12' title='bbox 491 977 668 1039; x_wconf 78' lang='lat' dir='ltr'>Chaeream</span> <span class='ocrx_word' id='word_1_13' title='bbox 699 977 909 1036; x_wconf 89' lang='lat' dir='ltr'>moechorum</span> <span class='ocrx_word' id='word_1_14' title='bbox 940 975 1006 1034; x_wconf 91' lang='lat' dir='ltr'>illic</span> <span class='ocrx_word' id='word_1_15' title='bbox 1028 975 1136 1035; x_wconf 91' lang='lat' dir='ltr'>subire</span> <span class='ocrx_word' id='word_1_16' title='bbox 1158 976 1331 1035; x_wconf 91' lang='lat' dir='ltr'>tormenta.</span> 
     </span>
     <span class='ocr_line' id='line_1_4' title="bbox 162 1089 1331 1165; baseline 0 -18"><span class='ocrx_word' id='word_1_17' title='bbox 162 1089 268 1162; x_wconf 90' lang='lat' dir='ltr'>,Haec</span> <span class='ocrx_word' id='word_1_18' title='bbox 296 1089 398 1150; x_wconf 92' lang='lat' dir='ltr'>fiunt”</span> <span class='ocrx_word' id='word_1_19' title='bbox 423 1091 480 1161; x_wconf 88' lang='lat' dir='ltr'>(ait</span> <span class='ocrx_word' id='word_1_20' title='bbox 502 1107 551 1150; x_wconf 84' lang='lat' dir='ltr'>vs</span> <span class='ocrx_word' id='word_1_21' title='bbox 577 1093 652 1158; x_wconf 81' lang='grc'>956)</span> <span class='ocrx_word' id='word_1_22' title='bbox 680 1092 821 1165; x_wconf 71' lang='lat' dir='ltr'>,orante</span> <span class='ocrx_word' id='word_1_23' title='bbox 846 1092 946 1149; x_wconf 88' lang='lat' dir='ltr'>utne</span> <span class='ocrx_word' id='word_1_24' title='bbox 971 1090 1001 1148; x_wconf 91' lang='lat' dir='ltr'>id</span> <span class='ocrx_word' id='word_1_25' title='bbox 1024 1089 1153 1163; x_wconf 81' lang='lat' dir='ltr'>iaceret,</span> <span class='ocrx_word' id='word_1_26' title='bbox 1179 1089 1331 1148; x_wconf 79' lang='lat' dir='ltr'>Thaide.”</span> 
     </span>
     <span class='ocr_line' id='line_1_5' title="bbox 158 1201 1332 1280; baseline -0.001 -18"><span class='ocrx_word' id='word_1_27' title='bbox 158 1204 302 1263; x_wconf 87' lang='lat' dir='ltr'>Annotat</span> <span class='ocrx_word' id='word_1_28' title='bbox 332 1203 530 1264; x_wconf 79' lang='lat' dir='ltr'>Scholiasta:</span> <span class='ocrx_word' id='word_1_29' title='bbox 565 1206 671 1280; x_wconf 84' lang='lat' dir='ltr'>,recte</span> <span class='ocrx_word' id='word_1_30' title='bbox 702 1204 763 1263; x_wconf 93' lang='lat' dir='ltr'>hoc</span> <span class='ocrx_word' id='word_1_31' title='bbox 793 1203 939 1262; x_wconf 92' lang='lat' dir='ltr'>additum</span> <span class='ocrx_word' id='word_1_32' title='bbox 970 1218 1011 1262; x_wconf 90' lang='lat' dir='ltr'>ne</span> <span class='ocrx_word' id='word_1_33' title='bbox 1042 1204 1150 1277; x_wconf 88' lang='lat' dir='ltr'>speret</span> <span class='ocrx_word' id='word_1_34' title='bbox 1173 1201 1332 1262; x_wconf 84' lang='lat' dir='ltr'>auxilium</span> 
     </span>
     <span class='ocr_line' id='line_1_6' title="bbox 157 1316 351 1379; baseline 0.01 -3"><span class='ocrx_word' id='word_1_35' title='bbox 157 1331 175 1376; x_wconf 89' lang='lat' dir='ltr'>a</span> <span class='ocrx_word' id='word_1_36' title='bbox 200 1316 351 1379; x_wconf 87' lang='lat' dir='ltr'>Thaide.’&#39;</span> 
     </span>
     <span class='ocr_line' id='line_1_7' title="bbox 200 1433 846 1507; baseline 0.003 -17"><span class='ocrx_word' id='word_1_37' title='bbox 200 1446 249 1490; x_wconf 83' lang='lat' dir='ltr'>vs</span> <span class='ocrx_word' id='word_1_38' title='bbox 275 1433 349 1492; x_wconf 86' lang='grc'><strong>960.</strong></span> <span class='ocrx_word' id='word_1_39' title='bbox 374 1434 520 1507; x_wconf 85' lang='lat' dir='ltr'>Rogante</span> <span class='ocrx_word' id='word_1_40' title='bbox 544 1433 762 1493; x_wconf 83' lang='lat' dir='ltr'>Parmenone:</span> <span class='ocrx_word' id='word_1_41' title='bbox 845 1463 846 1467; x_wconf 60' lang='lat'><em>=</em></span> 
     </span>
     <span class='ocr_line' id='line_1_8' title="bbox 246 1543 1332 1621; baseline -0.001 -17"><span class='ocrx_word' id='word_1_42' title='bbox 246 1543 322 1620; x_wconf 82' lang='lat' dir='ltr'>Quis</span> <span class='ocrx_word' id='word_1_43' title='bbox 345 1546 443 1606; x_wconf 92' lang='lat' dir='ltr'>homo</span> <span class='ocrx_word' id='word_1_44' title='bbox 466 1563 523 1621; x_wconf 90' lang='lat' dir='ltr'>pro</span> <span class='ocrx_word' id='word_1_45' title='bbox 546 1547 682 1607; x_wconf 90' lang='lat' dir='ltr'>moecho</span> <span class='ocrx_word' id='word_1_46' title='bbox 705 1561 849 1619; x_wconf 92' lang='lat' dir='ltr'>unquam</span> <span class='ocrx_word' id='word_1_47' title='bbox 873 1545 955 1604; x_wconf 89' lang='lat' dir='ltr'>vidit</span> <span class='ocrx_word' id='word_1_48' title='bbox 978 1545 1012 1603; x_wconf 88' lang='lat' dir='ltr'>in</span> <span class='ocrx_word' id='word_1_49' title='bbox 1031 1545 1127 1604; x_wconf 92' lang='lat' dir='ltr'>domo</span> <span class='ocrx_word' id='word_1_50' title='bbox 1147 1544 1332 1604; x_wconf 90' lang='lat' dir='ltr'>meretricia</span> 
     </span>
     <span class='ocr_line' id='line_1_9' title="bbox 245 1657 605 1733; baseline 0.006 -17"><span class='ocrx_word' id='word_1_51' title='bbox 245 1657 360 1718; x_wconf 89' lang='lat' dir='ltr'>Prendi</span> <span class='ocrx_word' id='word_1_52' title='bbox 384 1661 605 1733; x_wconf 86' lang='lat' dir='ltr'>quemquam?</span> 
     </span>
     <span class='ocr_line' id='line_1_10' title="bbox 158 1771 1332 1847; baseline 0.002 -19"><span class='ocrx_word' id='word_1_53' title='bbox 158 1771 312 1843; x_wconf 79' lang='lat' dir='ltr'>„Nescio”</span> <span class='ocrx_word' id='word_1_54' title='bbox 349 1773 484 1847; x_wconf 89' lang='lat' dir='ltr'>Pythias</span> <span class='ocrx_word' id='word_1_55' title='bbox 519 1774 574 1834; x_wconf 90' lang='lat' dir='ltr'>ait.</span> <span class='ocrx_word' id='word_1_56' title='bbox 610 1775 660 1834; x_wconf 91' lang='lat' dir='ltr'>Ad</span> <span class='ocrx_word' id='word_1_57' title='bbox 695 1775 772 1833; x_wconf 91' lang='lat' dir='ltr'>illud</span> <span class='ocrx_word' id='word_1_58' title='bbox 808 1774 953 1833; x_wconf 89' lang='lat' dir='ltr'>nescio</span> <span class='ocrx_word' id='word_1_59' title='bbox 985 1772 1166 1832; x_wconf 79' lang='lat' dir='ltr'>Scholiasta</span> <span class='ocrx_word' id='word_1_60' title='bbox 1196 1772 1332 1832; x_wconf 88' lang='lat' dir='ltr'>annotat</span> 
     </span>
     <span class='ocr_line' id='line_1_11' title="bbox 156 1885 1331 1962; baseline 0.001 -19"><span class='ocrx_word' id='word_1_61' title='bbox 156 1885 339 1946; x_wconf 81' lang='lat' dir='ltr'>obscuriora</span> <span class='ocrx_word' id='word_1_62' title='bbox 362 1889 521 1961; x_wconf 89' lang='lat' dir='ltr'>quaedam</span> <span class='ocrx_word' id='word_1_63' title='bbox 545 1890 577 1948; x_wconf 87' lang='lat' dir='ltr'>et</span> <span class='ocrx_word' id='word_1_64' title='bbox 596 1888 735 1948; x_wconf 85' lang='lat' dir='ltr'>fortasse</span> <span class='ocrx_word' id='word_1_65' title='bbox 756 1890 913 1962; x_wconf 89' lang='lat' dir='ltr'>corrupta,</span> <span class='ocrx_word' id='word_1_66' title='bbox 935 1888 991 1946; x_wconf 91' lang='lat' dir='ltr'>sed</span> <span class='ocrx_word' id='word_1_67' title='bbox 1012 1901 1148 1960; x_wconf 90' lang='lat' dir='ltr'>quorum</span> <span class='ocrx_word' id='word_1_68' title='bbox 1168 1885 1331 1946; x_wconf 88' lang='lat' dir='ltr'>sententia</span> 
     </span>
     <span class='ocr_line' id='line_1_12' title="bbox 155 1998 1330 2077; baseline 0.001 -21"><span class='ocrx_word' id='word_1_69' title='bbox 155 1998 214 2057; x_wconf 92' lang='lat' dir='ltr'>huc</span> <span class='ocrx_word' id='word_1_70' title='bbox 239 1999 306 2059; x_wconf 87' lang='lat' dir='ltr'>fere</span> <span class='ocrx_word' id='word_1_71' title='bbox 330 2001 429 2060; x_wconf 87' lang='lat' dir='ltr'>redit:</span> <span class='ocrx_word' id='word_1_72' title='bbox 457 2003 585 2077; x_wconf 89' lang='lat' dir='ltr'>,astute</span> <span class='ocrx_word' id='word_1_73' title='bbox 609 2003 696 2061; x_wconf 86' lang='lat' dir='ltr'>istud</span> <span class='ocrx_word' id='word_1_74' title='bbox 720 2002 865 2061; x_wconf 89' lang='lat' dir='ltr'>nescio</span> <span class='ocrx_word' id='word_1_75' title='bbox 889 2000 1085 2074; x_wconf 91' lang='lat' dir='ltr'>aPythiade</span> <span class='ocrx_word' id='word_1_76' title='bbox 1105 2000 1244 2058; x_wconf 92' lang='lat' dir='ltr'>dictum:</span> <span class='ocrx_word' id='word_1_77' title='bbox 1265 2014 1330 2058; x_wconf 89' lang='lat' dir='ltr'>non</span> 
     </span>
     <span class='ocr_line' id='line_1_13' title="bbox 155 2112 1330 2189; baseline 0.001 -19"><span class='ocrx_word' id='word_1_78' title='bbox 155 2113 352 2189; x_wconf 77' lang='lat' dir='ltr'>contradicit,</span> <span class='ocrx_word' id='word_1_79' title='bbox 377 2130 442 2175; x_wconf 89' lang='lat' dir='ltr'>non</span> <span class='ocrx_word' id='word_1_80' title='bbox 465 2115 609 2189; x_wconf 90' lang='lat' dir='ltr'>disputat</span> <span class='ocrx_word' id='word_1_81' title='bbox 629 2117 740 2175; x_wconf 87' lang='lat' dir='ltr'>contra</span> <span class='ocrx_word' id='word_1_82' title='bbox 759 2113 971 2174; x_wconf 88' lang='lat' dir='ltr'>Parmenonis</span> <span class='ocrx_word' id='word_1_83' title='bbox 991 2112 1225 2186; x_wconf 91' lang='lat' dir='ltr'>dubitationes;</span> <span class='ocrx_word' id='word_1_84' title='bbox 1247 2113 1330 2186; x_wconf 93' lang='lat' dir='ltr'>quod</span> 
     </span>
     <span class='ocr_line' id='line_1_14' title="bbox 154 2225 1328 2301; baseline 0.003 -19"><span class='ocrx_word' id='word_1_85' title='bbox 154 2225 180 2282; x_wconf 91' lang='lat' dir='ltr'>si</span> <span class='ocrx_word' id='word_1_86' title='bbox 208 2226 332 2286; x_wconf 86' lang='lat' dir='ltr'>faceret</span> <span class='ocrx_word' id='word_1_87' title='bbox 362 2228 529 2288; x_wconf 87' lang='lat' dir='ltr'>amitteret</span> <span class='ocrx_word' id='word_1_88' title='bbox 560 2227 667 2288; x_wconf 83' lang='lat' dir='ltr'>iidem.</span> <span class='ocrx_word' id='word_1_89' title='bbox 696 2228 832 2289; x_wconf 85' lang='lat' dir='ltr'>Nuntiat</span> <span class='ocrx_word' id='word_1_90' title='bbox 855 2227 1091 2301; x_wconf 89' lang='lat' dir='ltr'>tantummodo,</span> <span class='ocrx_word' id='word_1_91' title='bbox 1116 2241 1181 2285; x_wconf 92' lang='lat' dir='ltr'>non</span> <span class='ocrx_word' id='word_1_92' title='bbox 1204 2226 1328 2286; x_wconf 89' lang='lat' dir='ltr'>ratioci-</span> 
     </span>
     <span class='ocr_line' id='line_1_15' title="bbox 152 2338 1326 2416; baseline 0.003 -20"><span class='ocrx_word' id='word_1_93' title='bbox 152 2340 279 2398; x_wconf 89' lang='lat' dir='ltr'>natur.”</span> <span class='ocrx_word' id='word_1_94' title='bbox 304 2340 516 2401; x_wconf 83' lang='lat' dir='ltr'>Rectissime:</span> <span class='ocrx_word' id='word_1_95' title='bbox 542 2358 603 2416; x_wconf 92' lang='lat' dir='ltr'>quo</span> <span class='ocrx_word' id='word_1_96' title='bbox 624 2344 711 2402; x_wconf 88' lang='lat' dir='ltr'>enim</span> <span class='ocrx_word' id='word_1_97' title='bbox 731 2343 838 2416; x_wconf 85' lang='lat' dir='ltr'>magis</span> <span class='ocrx_word' id='word_1_98' title='bbox 858 2341 994 2400; x_wconf 88' lang='lat' dir='ltr'>insciam</span> <span class='ocrx_word' id='word_1_99' title='bbox 1015 2356 1050 2399; x_wconf 94' lang='lat' dir='ltr'>se</span> <span class='ocrx_word' id='word_1_100' title='bbox 1069 2338 1163 2414; x_wconf 85' lang='lat' dir='ltr'>fingit</span> <span class='ocrx_word' id='word_1_101' title='bbox 1182 2339 1326 2416; x_wconf 80' lang='lat' dir='ltr'>Pythiae,</span> 
     </span>
     <span class='ocr_line' id='line_1_16' title="bbox 152 2453 1328 2531; baseline 0.003 -21"><span class='ocrx_word' id='word_1_102' title='bbox 152 2467 186 2510; x_wconf 92' lang='lat' dir='ltr'>eo</span> <span class='ocrx_word' id='word_1_103' title='bbox 208 2453 318 2527; x_wconf 84' lang='lat' dir='ltr'>magis</span> <span class='ocrx_word' id='word_1_104' title='bbox 342 2455 371 2513; x_wconf 95' lang='lat' dir='ltr'>ei</span> <span class='ocrx_word' id='word_1_105' title='bbox 395 2456 544 2531; x_wconf 91' lang='lat' dir='ltr'>creditur,</span> <span class='ocrx_word' id='word_1_106' title='bbox 566 2471 666 2530; x_wconf 89' lang='lat' dir='ltr'>eoque</span> <span class='ocrx_word' id='word_1_107' title='bbox 685 2455 795 2514; x_wconf 89' lang='lat' dir='ltr'>minus</span> <span class='ocrx_word' id='word_1_108' title='bbox 815 2456 959 2515; x_wconf 89' lang='lat' dir='ltr'>nascitur</span> <span class='ocrx_word' id='word_1_109' title='bbox 978 2455 1118 2529; x_wconf 91' lang='lat' dir='ltr'>suspicio</span> <span class='ocrx_word' id='word_1_110' title='bbox 1138 2454 1328 2514; x_wconf 87' lang='lat' dir='ltr'>simulatam</span> 
     </span>
     <span class='ocr_line' id='line_1_17' title="bbox 153 2565 626 2642; baseline 0.013 -19"><span class='ocrx_word' id='word_1_111' title='bbox 153 2565 218 2624; x_wconf 90' lang='lat' dir='ltr'>eius</span> <span class='ocrx_word' id='word_1_112' title='bbox 243 2582 317 2626; x_wconf 90' lang='lat' dir='ltr'>esse</span> <span class='ocrx_word' id='word_1_113' title='bbox 340 2569 626 2642; x_wconf 88' lang='lat' dir='ltr'>perturbationem.</span> 
     </span>
     <span class='ocr_line' id='line_1_18' title="bbox 193 2679 1327 2756; baseline 0.004 -19"><span class='ocrx_word' id='word_1_114' title='bbox 193 2679 264 2739; x_wconf 90' lang='lat' dir='ltr'>Iam</span> <span class='ocrx_word' id='word_1_115' title='bbox 296 2680 479 2755; x_wconf 90' lang='lat' dir='ltr'>irrupturus</span> <span class='ocrx_word' id='word_1_116' title='bbox 510 2682 606 2742; x_wconf 86' lang='lat' dir='ltr'>aedes</span> <span class='ocrx_word' id='word_1_117' title='bbox 637 2686 687 2743; x_wconf 91' lang='lat' dir='ltr'>est</span> <span class='ocrx_word' id='word_1_118' title='bbox 718 2684 876 2743; x_wconf 87' lang='lat' dir='ltr'>Parmeno</span> <span class='ocrx_word' id='word_1_119' title='bbox 907 2685 944 2742; x_wconf 89' lang='lat' dir='ltr'>ut</span> <span class='ocrx_word' id='word_1_120' title='bbox 973 2683 1093 2741; x_wconf 91' lang='lat' dir='ltr'>misero</span> <span class='ocrx_word' id='word_1_121' title='bbox 1125 2683 1201 2741; x_wconf 88' lang='lat' dir='ltr'>hero</span> <span class='ocrx_word' id='word_1_122' title='bbox 1233 2697 1327 2756; x_wconf 86' lang='lat' dir='ltr'>opem</span> 
     </span>
     <span class='ocr_line' id='line_1_19' title="bbox 152 2792 1095 2869; baseline 0.002 -18"><span class='ocrx_word' id='word_1_123' title='bbox 152 2792 240 2869; x_wconf 86' lang='lat' dir='ltr'>ferat,</span> <span class='ocrx_word' id='word_1_124' title='bbox 267 2796 302 2853; x_wconf 90' lang='lat' dir='ltr'>at</span> <span class='ocrx_word' id='word_1_125' title='bbox 327 2810 403 2854; x_wconf 91' lang='lat' dir='ltr'>eum</span> <span class='ocrx_word' id='word_1_126' title='bbox 426 2795 546 2854; x_wconf 89' lang='lat' dir='ltr'>retinet</span> <span class='ocrx_word' id='word_1_127' title='bbox 568 2795 667 2855; x_wconf 80' lang='lat' dir='ltr'>Thais</span> <span class='ocrx_word' id='word_1_128' title='bbox 691 2795 743 2855; x_wconf 92' lang='lat' dir='ltr'>his</span> <span class='ocrx_word' id='word_1_129' title='bbox 766 2797 873 2855; x_wconf 87' lang='lat' dir='ltr'>verbis</span> <span class='ocrx_word' id='word_1_130' title='bbox 898 2797 972 2866; x_wconf 82' lang='grc'>(964</span> <span class='ocrx_word' id='word_1_131' title='bbox 997 2800 1095 2869; x_wconf 82' lang='lat' dir='ltr'>sqq.):</span> 
     </span>
     <span class='ocr_line' id='line_1_20' title="bbox 774 2910 1179 2986; baseline 0.005 -18"><span class='ocrx_word' id='word_1_132' title='bbox 774 2910 863 2986; x_wconf 90' lang='lat' dir='ltr'>Vide,</span> <span class='ocrx_word' id='word_1_133' title='bbox 889 2910 1057 2986; x_wconf 86' lang='lat' dir='ltr'>Parmeno,</span> <span class='ocrx_word' id='word_1_134' title='bbox 1176 2913 1179 2916; x_wconf 83' lang='lat'>&#39;</span> 
     </span>
     <span class='ocr_line' id='line_1_21' title="bbox 237 3019 1326 3098; baseline 0.004 -20"><span class='ocrx_word' id='word_1_135' title='bbox 237 3019 319 3095; x_wconf 81' lang='lat' dir='ltr'>Quid</span> <span class='ocrx_word' id='word_1_136' title='bbox 340 3036 427 3098; x_wconf 79' lang='lat' dir='ltr'>agaS,</span> <span class='ocrx_word' id='word_1_137' title='bbox 449 3024 486 3081; x_wconf 95' lang='lat' dir='ltr'>ut</span> <span class='ocrx_word' id='word_1_138' title='bbox 506 3038 609 3097; x_wconf 86' lang='lat' dir='ltr'>neque</span> <span class='ocrx_word' id='word_1_139' title='bbox 629 3024 676 3082; x_wconf 92' lang='lat' dir='ltr'>illi</span> <span class='ocrx_word' id='word_1_140' title='bbox 694 3025 799 3098; x_wconf 88' lang='lat' dir='ltr'>prosis</span> <span class='ocrx_word' id='word_1_141' title='bbox 812 3025 845 3083; x_wconf 87' lang='lat' dir='ltr'>et</span> <span class='ocrx_word' id='word_1_142' title='bbox 857 3026 892 3083; x_wconf 88' lang='lat' dir='ltr'>tu</span> <span class='ocrx_word' id='word_1_143' title='bbox 904 3039 1034 3098; x_wconf 89' lang='lat' dir='ltr'>pereas:</span> <span class='ocrx_word' id='word_1_144' title='bbox 1048 3039 1126 3083; x_wconf 91' lang='lat' dir='ltr'>nam</span> <span class='ocrx_word' id='word_1_145' title='bbox 1138 3023 1199 3082; x_wconf 94' lang='lat' dir='ltr'>hoc</span> <span class='ocrx_word' id='word_1_146' title='bbox 1210 3025 1326 3097; x_wconf 88' lang='lat' dir='ltr'>putant</span> 
     </span>
     <span class='ocr_line' id='line_1_22' title="bbox 237 3133 925 3212; baseline 0.007 -20"><span class='ocrx_word' id='word_1_147' title='bbox 237 3133 396 3209; x_wconf 80' lang='lat' dir='ltr'>Quidquid</span> <span class='ocrx_word' id='word_1_148' title='bbox 419 3135 586 3212; x_wconf 83' lang='lat' dir='ltr'>factumst,</span> <span class='ocrx_word' id='word_1_149' title='bbox 612 3153 631 3196; x_wconf 91' lang='lat' dir='ltr'>a</span> <span class='ocrx_word' id='word_1_150' title='bbox 654 3139 687 3196; x_wconf 91' lang='lat' dir='ltr'>te</span> <span class='ocrx_word' id='word_1_151' title='bbox 712 3153 783 3197; x_wconf 90' lang='lat' dir='ltr'>esse</span> <span class='ocrx_word' id='word_1_152' title='bbox 807 3140 925 3197; x_wconf 92' lang='lat' dir='ltr'>ortum.</span> 
     </span>
     <span class='ocr_line' id='line_1_23' title="bbox 151 3245 1326 3324; baseline 0.006 -21"><span class='ocrx_word' id='word_1_153' title='bbox 151 3245 270 3306; x_wconf 92' lang='lat' dir='ltr'>lterum</span> <span class='ocrx_word' id='word_1_154' title='bbox 303 3247 356 3306; x_wconf 90' lang='lat' dir='ltr'>hic</span> <span class='ocrx_word' id='word_1_155' title='bbox 384 3250 499 3321; x_wconf 83' lang='lat' dir='ltr'>poetae</span> <span class='ocrx_word' id='word_1_156' title='bbox 527 3251 749 3310; x_wconf 89' lang='lat' dir='ltr'>oeconomiam</span> <span class='ocrx_word' id='word_1_157' title='bbox 773 3251 884 3310; x_wconf 88' lang='lat' dir='ltr'>laudat</span> <span class='ocrx_word' id='word_1_158' title='bbox 908 3251 1089 3310; x_wconf 85' lang='lat' dir='ltr'>Scholiasta</span> <span class='ocrx_word' id='word_1_159' title='bbox 1113 3251 1241 3324; x_wconf 83' lang='lat' dir='ltr'>egregia</span> <span class='ocrx_word' id='word_1_160' title='bbox 1264 3251 1326 3310; x_wconf 89' lang='lat' dir='ltr'>hac</span> 
     </span>
     <span class='ocr_line' id='line_1_24' title="bbox 150 3360 1325 3436; baseline 0.006 -19"><span class='ocrx_word' id='word_1_161' title='bbox 150 3360 373 3420; x_wconf 89' lang='lat' dir='ltr'>annotatione:</span> <span class='ocrx_word' id='word_1_162' title='bbox 406 3363 532 3436; x_wconf 89' lang='lat' dir='ltr'>,totum</span> <span class='ocrx_word' id='word_1_163' title='bbox 556 3363 617 3422; x_wconf 89' lang='lat' dir='ltr'>hoo</span> <span class='ocrx_word' id='word_1_164' title='bbox 640 3365 680 3423; x_wconf 90' lang='lat' dir='ltr'>ad</span> <span class='ocrx_word' id='word_1_165' title='bbox 704 3365 735 3424; x_wconf 91' lang='lat' dir='ltr'>id</span> <span class='ocrx_word' id='word_1_166' title='bbox 760 3365 881 3424; x_wconf 92' lang='lat' dir='ltr'>addidit</span> <span class='ocrx_word' id='word_1_167' title='bbox 903 3367 940 3425; x_wconf 90' lang='lat' dir='ltr'>ut</span> <span class='ocrx_word' id='word_1_168' title='bbox 963 3380 1065 3424; x_wconf 85' lang='lat' dir='ltr'>senex</span> <span class='ocrx_word' id='word_1_169' title='bbox 1087 3364 1325 3424; x_wconf 88' lang='lat' dir='ltr'>intromittatur</span> 
     </span>
     <span class='ocr_line' id='line_1_25' title="bbox 150 3471 1323 3554; baseline 0.009 -25"><span class='ocrx_word' id='word_1_170' title='bbox 150 3471 187 3529; x_wconf 87' lang='lat' dir='ltr'>ad</span> <span class='ocrx_word' id='word_1_171' title='bbox 207 3471 446 3534; x_wconf 80' lang='lat' dir='ltr'>confirmandas</span> <span class='ocrx_word' id='word_1_172' title='bbox 465 3477 605 3551; x_wconf 89' lang='lat' dir='ltr'>nuptias.</span> <span class='ocrx_word' id='word_1_173' title='bbox 628 3477 689 3536; x_wconf 89' lang='lat' dir='ltr'>Sed</span> <span class='ocrx_word' id='word_1_174' title='bbox 705 3480 801 3552; x_wconf 84' lang='lat' dir='ltr'>poeta</span> <span class='ocrx_word' id='word_1_175' title='bbox 813 3478 873 3538; x_wconf 92' lang='lat' dir='ltr'>hoc</span> <span class='ocrx_word' id='word_1_176' title='bbox 885 3478 960 3554; x_wconf 85' lang='lat' dir='ltr'>agit,</span> <span class='ocrx_word' id='word_1_177' title='bbox 974 3493 1131 3552; x_wconf 87' lang='lat' dir='ltr'>personae</span> <span class='ocrx_word' id='word_1_178' title='bbox 1143 3480 1323 3539; x_wconf 86' lang='lat' dir='ltr'>nesciunt.‘’</span> 
     </span>
     <span class='ocr_line' id='line_1_26' title="bbox 190 3586 1325 3667; baseline 0.01 -24"><span class='ocrx_word' id='word_1_179' title='bbox 190 3586 252 3646; x_wconf 92' lang='lat' dir='ltr'>Hic</span> <span class='ocrx_word' id='word_1_180' title='bbox 294 3588 527 3649; x_wconf 87' lang='lat' dir='ltr'>adventantem</span> <span class='ocrx_word' id='word_1_181' title='bbox 570 3594 705 3651; x_wconf 90' lang='lat' dir='ltr'>cernunt</span> <span class='ocrx_word' id='word_1_182' title='bbox 742 3608 855 3651; x_wconf 89' lang='lat' dir='ltr'>senem</span> <span class='ocrx_word' id='word_1_183' title='bbox 890 3592 1051 3654; x_wconf 83' lang='lat' dir='ltr'>Chaereae</span> <span class='ocrx_word' id='word_1_184' title='bbox 1086 3595 1325 3667; x_wconf 87' lang='lat' dir='ltr'>Phaedriaeque</span> 
     </span>
     <span class='ocr_line' id='line_1_27' title="bbox 149 3702 1322 3785; baseline 0.008 -26"><span class='ocrx_word' id='word_1_185' title='bbox 149 3702 289 3775; x_wconf 87' lang='lat' dir='ltr'>patrem;</span> <span class='ocrx_word' id='word_1_186' title='bbox 312 3702 379 3763; x_wconf 91' lang='lat' dir='ltr'>abit</span> <span class='ocrx_word' id='word_1_187' title='bbox 398 3704 432 3763; x_wconf 92' lang='lat' dir='ltr'>in</span> <span class='ocrx_word' id='word_1_188' title='bbox 452 3706 548 3765; x_wconf 89' lang='lat' dir='ltr'>aedes</span> <span class='ocrx_word' id='word_1_189' title='bbox 568 3707 685 3780; x_wconf 79' lang='lat' dir='ltr'>Thais3</span> <span class='ocrx_word' id='word_1_190' title='bbox 707 3708 865 3768; x_wconf 90' lang='lat' dir='ltr'>Parmeno</span> <span class='ocrx_word' id='word_1_191' title='bbox 881 3725 967 3785; x_wconf 89' lang='lat' dir='ltr'>vero,</span> <span class='ocrx_word' id='word_1_192' title='bbox 982 3710 1022 3769; x_wconf 92' lang='lat' dir='ltr'>ad</span> <span class='ocrx_word' id='word_1_193' title='bbox 1035 3711 1151 3770; x_wconf 88' lang='lat' dir='ltr'>incitas</span> <span class='ocrx_word' id='word_1_194' title='bbox 1164 3710 1322 3784; x_wconf 72' lang='lat' dir='ltr'>redactus</span> 
     </span>
     <span class='ocr_line' id='line_1_28' title="bbox 149 3814 1324 3898; baseline 0.009 -27"><span class='ocrx_word' id='word_1_195' title='bbox 149 3814 250 3874; x_wconf 91' lang='lat' dir='ltr'>totam</span> <span class='ocrx_word' id='word_1_196' title='bbox 274 3831 353 3892; x_wconf 89' lang='lat' dir='ltr'>rem,</span> <span class='ocrx_word' id='word_1_197' title='bbox 379 3817 464 3877; x_wconf 90' lang='lat' dir='ltr'>sicut</span> <span class='ocrx_word' id='word_1_198' title='bbox 484 3822 557 3878; x_wconf 91' lang='lat' dir='ltr'>acta</span> <span class='ocrx_word' id='word_1_199' title='bbox 577 3822 635 3896; x_wconf 89' lang='lat' dir='ltr'>est,</span> <span class='ocrx_word' id='word_1_200' title='bbox 657 3821 753 3880; x_wconf 87' lang='lat' dir='ltr'>fateri</span> <span class='ocrx_word' id='word_1_201' title='bbox 772 3823 842 3881; x_wconf 90' lang='lat' dir='ltr'>seni</span> <span class='ocrx_word' id='word_1_202' title='bbox 863 3822 1014 3898; x_wconf 90' lang='lat' dir='ltr'>decernit,</span> <span class='ocrx_word' id='word_1_203' title='bbox 1036 3826 1073 3883; x_wconf 92' lang='lat' dir='ltr'>ut</span> <span class='ocrx_word' id='word_1_204' title='bbox 1092 3824 1145 3883; x_wconf 89' lang='lat' dir='ltr'>ille</span> <span class='ocrx_word' id='word_1_205' title='bbox 1166 3822 1324 3882; x_wconf 92' lang='lat' dir='ltr'>miserum</span> 
     </span>
     <span class='ocr_line' id='line_1_29' title="bbox 146 3923 755 4007; baseline 0.016 -23"><span class='ocrx_word' id='word_1_206' title='bbox 146 3923 248 3994; x_wconf 73' lang='lat' dir='ltr'>‚filium</span> <span class='ocrx_word' id='word_1_207' title='bbox 272 3932 432 3993; x_wconf 88' lang='lat' dir='ltr'>tortorum</span> <span class='ocrx_word' id='word_1_208' title='bbox 457 3933 572 4007; x_wconf 87' lang='lat' dir='ltr'>eripiat</span> <span class='ocrx_word' id='word_1_209' title='bbox 595 3935 755 3994; x_wconf 89' lang='lat' dir='ltr'>manibus.</span> 
     </span>
    </p>
   </div>
   <div class='ocr_carea' id='block_1_3' title="bbox 0 0 1620 5260">
    <p class='ocr_par' dir='ltr' id='par_1_3' title="bbox 0 0 1620 5260">
     <span class='ocr_line' id='line_1_30' title="bbox 0 0 1620 5260; baseline 0 5"><span class='ocrx_word' id='word_1_210' title='bbox 0 0 1620 5260; x_wconf 95' lang='lat' dir='ltr'> </span> 
     </span>
    </p>
   </div>
  </div>
 </body>
</html>
