3230 5260
710 649 770 711 137

156 843 262 901 autem
293 843 522 916 argumentum
554 856 574 900 a
603 839 672 900 loco
699 839 837 912 Byrrhia
860 839 1009 900 dicendo:
1035 841 1140 914 apud
1170 841 1322 917 forum,

156 969 174 1013 a
201 970 338 1029 persona
365 955 498 1016 dicendo
522 971 539 1014 e
562 954 689 1029 Davo,
715 969 734 1012 a
757 956 902 1028 tempore
926 954 1058 1014 dioendo
1081 955 1215 1029 modo,
1241 955 1324 1028 quod

156 1085 227 1144 ergo
250 1071 284 1130 in
306 1071 462 1130 lemmate
486 1071 596 1143 utique
619 1069 803 1144 ponendum
827 1069 886 1128 est.

197 1185 226 1242 5.
318 1183 443 1258 Quaeso
473 1183 593 1258 edepol,
626 1181 772 1257 Charine,
805 1182 956 1255 quoniam
984 1198 1048 1242 non
1070 1184 1178 1256 potest
1201 1182 1232 1241 id
1255 1181 1325 1241 deri

1113 1295 1281 1368 [quodvis

317 1411 353 1470 Id
376 1411 458 1471 velis
482 1411 565 1484 quod
588 1410 700 1484 possit.

153 1525 222 1594 Soh.
256 1525 456 1600 Quoniam
487 1540 565 1585 non
596 1525 750 1599 potest]
787 1521 990 1599 ,Consolatio
1021 1523 1061 1582 ad
1092 1524 1123 1582 id
1151 1524 1234 1596 quod
1257 1522 1326 1583 fieri

152 1653 214 1697 non
240 1640 349 1712 potest
372 1617 543 1698 suadens”
568 1638 657 1713 Mira,
682 1637 798 1712 1161616,
824 1637 1009 1711 oonsolatio,
1036 1652 1098 1709 qua
1122 1637 1194 1709 quis
1218 1637 1323 1696 admo·

151 1753 245 1811 netur
274 1755 312 1811 ut
342 1753 373 1812 id
404 1752 502 1812 faoiat
532 1753 615 1826 quod
646 1767 742 1811 nemo
772 1767 916 1824 unquam
939 1751 1044 1824 potuit
1066 1751 1235 1825 poteritve.
1260 1751 1326 1811 Aut

151 1867 220 1924 tota
243 1866 409 1926 annotatio
432 1865 585 1926 mutilata
608 1869 658 1924 est
683 1881 757 1925 oum
781 1865 907 1940 integra
926 1865 1039 1954 fuerit:
1063 1865 1265 1940 „Consolatio
1286 1867 1325 1925 ab

152 1994 187 2038 eo
211 1979 295 2053 quod
318 1977 388 2038 fieri
411 1995 475 2040 non
498 1981 606 2054 potest
630 1980 670 2039 ad
694 1979 726 2038 id
750 1980 834 2052 quod
857 1978 927 2038 deri
949 1982 1057 2054 potest
1076 1981 1247 2055 suadens,”
1269 1982 1326 2040 aut

151 2108 214 2154 una
244 2108 310 2153 vox
340 2107 419 2152 non
450 2095 500 2152 est
532 2093 704 2153 eximenda
731 2095 784 2153 ut:
812 2093 1008 2169 ,consolatio
1033 2094 1072 2153 ad
1096 2095 1127 2153 id
1151 2095 1234 2167 quod
1257 2093 1326 2154 deri

151 2209 257 2282 potest
287 2208 448 2267 suadens”
481 2207 583 2267 nimia
614 2209 753 2281 quadam
784 2208 943 2267 brevitate
975 2209 1100 2268 dicatur
1129 2225 1202 2282 pro:
1235 2224 1325 2284 ,oon-

150 2323 265 2383 solatio
296 2339 359 2397 qua
390 2322 549 2383 Charinus
579 2325 730 2383 monetur
760 2325 797 2382 ut
829 2325 999 2382 contentus
1023 2325 1066 2383 sit
1090 2340 1127 2384 eo
1151 2325 1234 2397 quod
1257 2323 1326 2383 fieri

150 2438 261 2512 possit,
294 2453 376 2497 neve
400 2437 508 2511 oupiat
531 2438 563 2496 id
587 2438 670 2510 quod
694 2436 764 2496 fieri
787 2453 851 2497 non
873 2438 1008 2511 possit.”
1034 2438 1095 2496 Sed
1119 2438 1197 2497 illud
1219 2438 1326 2511 magis

150 2552 277 2612 arridet.
309 2551 482 2612 Klotziana
512 2554 623 2612 autem
653 2554 727 2626 post
757 2553 941 2611 suadens
973 2553 1073 2611 etiam
1096 2552 1193 2610 habet
1216 2551 1255 2610 id
1282 2553 1326 2610 ut

149 2666 215 2726 vel
225 2667 261 2724 is
278 2666 383 2739 quod
398 2666 554 2741 possit,
569 2681 650 2739 quae
663 2666 788 2726 inutilis
800 2667 851 2725 est
862 2665 1010 2740 repetitio
1018 2668 1133 2741 poetae
1140 2665 1322 2725 verborum.

195 2781 246 2840 19.
278 2780 478 2856 Salutem,
513 2780 734 2855 auxilium,
760 2779 991 2839 consilium
1015 2781 1232 2852 expetens]
1261 2780 1326 2855 ,Ut

149 2895 182 2954 in
216 2894 425 2968 petitionibus
455 2892 524 2954 fleri
556 2894 647 2968 solet,
679 2891 871 2953 beneficium
902 2895 1016 2967 petens
1046 2893 1149 2952 utitur
1180 2892 1326 2965 partibus

148 3006 409 3067 deliberativae.’'
435 3007 557 3067 Sensus
580 3008 768 3081 perspicuus
792 3009 842 3066 est
862 3010 894 3066 61
914 3007 1061 3080 sequenti
1082 3006 1203 3065 scholio
1224 3006 1324 3066 etiam

148 3121 338 3180 illustratur.
363 3121 421 3180 Est
444 3121 555 3181 autem
578 3120 818 3180 huiuscemodi:
846 3119 1062 3196 ,Beneficium
1087 3120 1175 3194 cupit
1194 3135 1322 3193 exspec-

147 3236 268 3311 tatque,
301 3234 357 3293 sed
388 3234 434 3293 ita
464 3234 605 3308 loquitur
637 3236 807 3307 tamquam
838 3235 866 3293 si
898 3234 1069 3294 consilium
1097 3236 1324 3296 tantummodo

147 3350 268 3423 petat.'’
294 3351 355 3420 (lta
378 3349 546 3409 mendious
569 3349 689 3422 stipem
712 3351 843 3422 potens:
872 3349 966 3424 ,quid
990 3350 1107 3422 agam”
1130 3349 1184 3424 ait,
1209 3364 1326 3423 ,aegra

148 3464 197 3522 est
228 3478 319 3538 uxor,
344 3463 436 3521 liberi
459 3463 546 3522 tarne
569 3462 687 3535 sitique
711 3463 910 3537 torquentur,
935 3463 1004 3536 ipse
1028 3477 1108 3535 opus
1131 3463 1236 3522 facere
1260 3478 1325 3522 non

147 3576 283 3646 valeo.”)
314 3576 436 3636 Verum
467 3576 710 3636 substantivum
742 3576 1035 3636 deliberativa
1057 3592 1201 3650 unquam
1224 3576 1325 3636 fuisse

147 3690 180 3748 in
203 3705 313 3749 rerum
336 3692 453 3749 natura
476 3705 540 3749 non
564 3691 666 3750 oredo.
690 3690 863 3750 Klotziana
883 3690 1190 3750 deliberativis
1209 3690 1323 3762 habet;

149 3803 297 3877 equidem
321 3803 608 3863 deliberantis
631 3819 782 3877 propono.

190 3917 241 3976 Ad
270 3933 319 3976 vs.
353 3918 405 3976 28.
436 3917 517 3976 tibi
548 3919 722 3991 nuptiae
754 3918 830 3977 hae
861 3920 960 3977 sunt
992 3918 1107 3977 cordi
1131 3919 1322 3977 annotatur:

149 4029 280 4100 Cordi]
320 4029 449 4106 ,animo
484 4032 609 4090 acute.’'
645 4030 712 4090 Aut
746 4030 834 4090 enirn
869 4030 916 4090 sio
951 4030 1056 4090 editur
1090 4031 1146 4089 aut
1181 4031 1323 4090 animo

148 4146 280 4204 acuto.
309 4144 492 4216 Utrumque
516 4145 671 4219 ineptum.
697 4143 891 4218 corruptum
914 4144 1060 4204 soholion
1083 4145 1197 4203 natum
1221 4143 1321 4218 suspi-

148 4272 200 4318 661
224 4273 266 4317 ex
289 4258 496 4317 annotatione
521 4273 602 4332 quae
626 4259 754 4318 doceret
776 4259 932 4318 vocabulo
957 4274 1025 4318 oor
1048 4255 1222 4331 significari
1242 4258 1321 4316 ani-

147 4385 253 4433 mum
284 4373 318 4430 et
347 4387 403 4445 pro
435 4373 550 4433 cordi
582 4373 647 4431 est
678 4373 779 4432 etiam
809 4373 872 4432 dioi
903 4387 1027 4431 ourae
1059 4371 1211 4451 estnlsic
1238 4370 1321 4430 iero:

148 4484 262 4543 oordi
287 4483 368 4560 ,ie
394 4484 519 4560 animo;
545 4486 661 4546 oordi
684 4485 801 4547 dicitur
824 4487 857 4547 et
880 4487 1046 4574 ourae”).
