3230 5260
717 673 759 731 85

154 860 229 919 urbe
252 861 421 918 narratum
443 859 510 918 ruri
533 872 597 917 non
621 872 692 918 esse
716 855 954 931 Ctesiphonem.
978 857 1023 917 At
1041 857 1096 916 ubi
1115 872 1253 931 persona
1273 859 1324 917 est

154 973 374 1048 adolescentis,
399 974 432 1032 et
454 969 667 1047 proficiscitur
689 972 729 1030 ad
753 971 866 1031 villam
890 973 923 1030 et
946 971 1097 1031 continuo
1120 971 1211 1046 redit,
1232 973 1268 1030 ut
1289 972 1323 1030 in

153 1087 304 1147 Eunucho
327 1086 516 1146 Phaedria.”
540 1085 675 1160 Egregie
695 1085 776 1144 11666
795 1085 967 1146 observata
985 1085 1145 1144 videntur.
1167 1085 1216 1143 Sit
1236 1084 1323 1144 enim

153 1202 250 1262 durus
281 1201 379 1260 homo
409 1199 539 1276 Demea,
565 1200 609 1259 sit
631 1214 781 1259 morosus
805 1201 837 1259 61
860 1199 967 1258 omnis
990 1199 1173 1259 venustatis
1197 1214 1321 1274 expers,

153 1317 186 1374 at
208 1330 310 1374 senex
333 1315 392 1390 est,
417 1313 629 1389 grandaevus,
655 1310 783 1372 infirmo
807 1328 947 1387 corpore.
971 1313 1133 1373 Lubenter
1153 1328 1227 1387 ergo
1248 1328 1324 1372 eum

152 1428 219 1487 falli
253 1427 412 1503 videmus,
444 1425 580 1487 ludibrio
610 1426 721 1486 haberi
752 1428 785 1486 et
816 1426 1059 1487 absurdissimis
1086 1427 1324 1488 narrationibus

152 1541 225 1600 inde
248 1540 398 1616 ablegari,
423 1541 477 1614 ubi
500 1540 684 1614 praesentia
704 1540 773 1599 eius
793 1540 929 1599 minime
950 1555 1030 1614 opus
1051 1542 1118 1600 est:
1139 1541 1174 1599 at
1186 1541 1324 1600 eundem

150 1654 347 1728 longioribus
377 1653 485 1727 rumpi
515 1653 789 1712 ambulationibus
820 1668 914 1726 aegre
937 1652 1089 1712 ierimus:
1114 1655 1242 1728 agreste
1264 1655 1325 1713 hoc

152 1765 243 1826 nobis
273 1766 409 1843 videtur,
443 1765 579 1842 crudele,
605 1766 832 1842 inhumanum,
858 1768 890 1826 et
914 1767 947 1825 in
970 1767 1078 1826 locum
1102 1766 1324 1826 delectationis

154 1880 294 1940 comicae
318 1879 452 1939 acerbus
475 1879 608 1953 quidam
631 1880 722 1940 venit
745 1880 984 1939 misericordiae
1007 1895 1134 1940 sensus.

195 1993 273 2054 Hcc.
306 1994 370 2054 725
398 2008 445 2068 sq.
477 1993 601 2053 Laches
626 1994 658 2053 et
683 1993 868 2070 Phidippus,
893 1995 1002 2067 patres
1025 1992 1078 2052 hic
1101 1993 1245 2070 virginis,
1271 1995 1325 2054 ille

152 2107 278 2169 iuvenis
308 2107 364 2181 qui
396 2121 469 2167 earn
493 2107 595 2182 duxit,
623 2106 661 2165 de
684 2106 859 2166 liberorum
883 2107 1062 2168 commodis
1086 2107 1171 2167 inter
1194 2123 1229 2166 se
1253 2122 1324 2167 con·

152 2219 292 2280 sultaht:
315 2220 428 2283 rident
451 2221 540 2280 enim
564 2220 694 2280 illorum
717 2220 847 2295 nuptias
870 2235 986 2295 parum
1009 2235 1081 2280 esse
1104 2218 1225 2297 firmas,
1246 2235 1323 2297 nup·

153 2337 222 2394 tam
256 2350 276 2394 a
311 2334 429 2394 marito
460 2349 593 2409 peregre
624 2334 686 2394 iter
708 2332 847 2393 iaciente
871 2333 1069 2410 discessisse,
1094 2334 1179 2394 hunc
1203 2336 1323 2411 autern,

152 2449 218 2508 iarn
251 2464 429 2524 reversum,
465 2448 606 2522 recipere
642 2462 714 2507 eam
749 2447 843 2507 nolle.
880 2446 960 2521 Quid
995 2447 1042 2507 rei
1075 2447 1119 2508 sit
1148 2451 1324 2522 quaerunt:

152 2562 285 2623 tandem
308 2562 466 2637 suspicari
490 2561 649 2636 incipiunt
671 2561 840 2622 Bacchidis
863 2561 1059 2638 peregrinae,
1084 2577 1224 2635 quacum
1247 2562 1326 2621 olim

152 2677 243 2754 vixit,
269 2677 373 2737 teneri
397 2677 585 2736 etiamnunc
613 2675 852 2735 adolescentem
872 2691 992 2736 amore.
1012 2676 1105 2735 Hanc
1125 2690 1200 2750 ergo
1224 2689 1325 2734 arces·

152 2790 287 2851 sendam
322 2807 394 2852 esse
428 2791 606 2851 decernunt
640 2792 673 2849 61
707 2789 759 2848 vel
794 2789 893 2848 minis
931 2789 983 2848 vel
1021 2789 1169 2864 precibus
1203 2804 1325 2862 permo-

151 2906 291 2965 vendam
325 2907 363 2964 ut
397 2907 578 2965 amatorem
614 2919 711 2964 suum
745 2903 887 2962 missum
916 2903 1024 2963 iaciat.
1057 2903 1160 2976 Igitur
1189 2903 1326 2961 adeam

151 3018 275 3079 Laches
309 3034 446 3093 puerum
479 3018 592 3093 mittit,
627 3017 803 3091 Phidippus
834 3032 920 3092 vero,
945 3020 1118 3091 postquam
1141 3031 1177 3075 66
1201 3031 1327 3089 quoque

152 3148 283 3205 operam
315 3131 466 3192 omnibus
493 3131 599 3191 modis
622 3131 775 3191 daturum
798 3130 948 3204 promisit
971 3132 1008 3190 ut
1030 3145 1091 3189 sua
1113 3129 1326 3202 Lachetisque

152 3247 342 3319 permaneat
365 3246 514 3321 affinitas,
540 3245 626 3304 hunc
648 3247 757 3319 rogat:

298 3360 359 3419 Sed
382 3359 439 3418 vin
462 3359 576 3418 adesse
600 3373 653 3416 me
676 3373 750 3433 una,
776 3358 854 3416 dum
879 3358 978 3416 istam
1002 3356 1179 3416 convenis?

153 3475 186 3532 61
217 3473 289 3532 ille:
324 3471 447 3548 ,immo
478 3471 529 3531 abi
558 3472 655 3530 vero”
680 3471 861 3545 respondet.
886 3471 948 3529 Hic
971 3470 1152 3529 Scholiasta
1175 3471 1348 3529 annotata

156 3584 291 3660 ,Melius
321 3584 592 3660 pronuntiaveris,
625 3585 654 3643 si
684 3583 844 3643 renitente
875 3585 908 3642 61
927 3583 1129 3657 improbante
1152 3582 1213 3642 hoc
1234 3582 1329 3642 vultu

154 3700 257 3759 dicere
281 3698 444 3773 acceperis
468 3698 671 3774 Phidippum,
696 3697 789 3772 quasi
812 3713 877 3757 non
901 3698 1047 3771 oporteat
1066 3697 1223 3756 interesse
1243 3711 1327 3756 soce-

153 3829 236 3871 rum.
262 3812 337 3872 Ideo
360 3813 469 3873 mutat
493 3812 691 3872 sententiam
714 3812 837 3871 Laches
862 3813 894 3870 et
917 3810 1040 3884 relegat
1063 3826 1138 3869 611111
1162 3811 1195 3868 in
1217 3824 1326 3883 procu·

154 3927 314 3987 rationem
346 3926 480 3986 alterius
511 3926 589 3986 rei.'’
617 3925 760 4001 Egregie,
786 3927 822 3984 ut
846 3925 966 4000 opinor,
993 3922 1328 3983 Γ11616111116611611111111

154 4040 336 4114 perspexit:
368 4039 524 4099 adversus
547 4039 790 4099 meretriculam
814 4039 901 4098 enim
925 4038 1099 4112 imperiosa
1121 4036 1220 4095 verba
1242 4034 1326 4094 vale-

155 4152 235 4213 bunt
269 4153 359 4230 nihil,
394 4154 560 4214 blanditiis
595 4155 657 4214 erit
688 4154 911 4228 aggredienda.
943 4153 1012 4212 Hoc
1037 4153 1147 4211 autem
1170 4152 1208 4210 ut
1230 4149 1329 4208 faciat

156 4266 281 4326 iuvenis
311 4268 404 4342 pater
426 4268 483 4326 vix
507 4267 638 4340 quidem
662 4268 719 4327 sed
742 4267 849 4340 aliquo
873 4268 985 4325 tamen
1008 4265 1102 4324 modo
1128 4279 1147 4322 a
1169 4279 1205 4322 se
1228 4263 1326 4336 impe-

155 4381 269 4453 trabit;
302 4382 423 4455 nuptae
452 4395 529 4440 vero
559 4382 651 4454 pater
681 4383 718 4440 ut
749 4395 823 4456 cum
847 4377 932 4438 filiae
956 4393 1034 4437 suae
1056 4376 1169 4450 pellice
1194 4373 1329 4434 comiter

155 4492 241 4567 loqui
275 4494 380 4572 possit
413 4495 544 4556 tantum
575 4492 666 4554 abest
689 4495 726 4552 ut
750 4493 849 4556 6116111
873 4491 986 4556 adesse
1010 4506 1084 4555 eurn
1107 4489 1226 4568 pudeat
1250 4488 1328 4555 durn
