3230 5260
708 649 768 707 127

148 833 212 894 Ubi
247 836 336 910 prius
366 837 444 896 illud
475 839 516 897 ot
546 837 760 898 abiiciendum
785 853 856 897 esse
879 839 993 912 putare
1016 837 1098 898 noli:
1123 841 1214 899 amat
1236 839 1324 899 enim

148 949 284 1010 huiusce
306 951 440 1011 voculae
463 950 689 1025 repetitionem
708 951 866 1011 bonorum
885 951 1082 1012 scholioeum
1102 952 1247 1027 scriptor.
1267 953 1325 1013 Est

149 1078 225 1138 ergo
250 1064 298 1123 ad
321 1064 570 1124 hoc=rodrov
595 1060 691 1140 ἕνεκα,
715 1066 748 1124 et
771 1065 818 1124 ita
840 1080 936 1139 saepe
960 1065 994 1125 in
1017 1066 1158 1126 scholiis.

193 1180 224 1238 3.
253 1177 415 1252 „Coquina
437 1179 617 1238 medicinae
636 1178 827 1238 famulatrix
847 1179 929 1238 est.'’
950 1179 1179 1253 Recipiendam
1198 1181 1324 1240 variam

148 1292 323 1353 lectionem
354 1293 575 1352 adulatrix
606 1296 672 1367 (pro
703 1292 969 1362 famulatrix)
1002 1293 1109 1352 addito
1134 1296 1325 1368 argumento

148 1406 218 1466 dixi
241 1423 271 1481 p.
300 1407 372 1467 117.

193 1523 224 1582 7.
249 1522 300 1581 Ad
324 1523 528 1596 exspecto
552 1521 649 1594 quid
672 1521 784 1580 velis
803 1521 946 1594 primum
966 1523 1139 1581 annotatur
1160 1537 1324 1596 exspec-

149 1636 242 1694 tare
278 1649 350 1694 esse
385 1635 642 1694 desiderare.
678 1634 799 1694 Deinde
834 1634 874 1693 ad
909 1634 1006 1707 quid
1041 1635 1169 1694 velis:
1209 1634 1327 1709 „Deest

148 1749 280 1808 scire:
302 1763 379 1808 nam
395 1748 424 1807 si
436 1749 574 1807 dixisset
586 1748 693 1821 quod
712 1747 825 1807 velis
837 1747 917 1807 nihil
930 1748 1176 1808 desiderasset’.
1191 1749 1327 1824 Egregia

149 1864 200 1921 est
232 1862 452 1921 Westerhovii
483 1861 666 1922 emendatio
697 1876 753 1935 pro
785 1861 897 1920 scire
920 1860 1026 1937 legere
1050 1861 1190 1921 iubentis
1214 1863 1326 1922 scire

148 1991 220 2035 me.
253 1976 344 2035 Nunc
375 1975 414 2034 de
442 1975 558 2034 ceteris
581 1974 760 2049 videamus,
786 1990 868 2047 quae
892 1977 1041 2049 corrupta
1064 1975 1141 2048 quin
1164 1975 1231 2035 sint
1254 1975 1326 2049 quis

150 2091 301 2149 dubitet?
335 2090 491 2164 Equidem
526 2092 633 2150 totum
668 2090 746 2150 illud
777 2090 1073 2149 desiderasset
1104 2091 1143 2150 ab
1167 2090 1326 2150 oscitante

148 2203 280 2264 librario
311 2220 328 2263 e
359 2205 463 2290 priore
491 2204 699 2264 annotatione
726 2204 789 2262 huc
811 2205 954 2262 tractum
977 2203 1123 2278 suspicor
1145 2219 1265 2278 proque
1289 2219 1326 2264 eo

149 2317 324 2392 legendum
346 2317 520 2377 deesset
535 2311 565 2387 ¹).
591 2317 672 2377 Tota
695 2319 806 2376 autem
829 2333 894 2377 non
916 2317 1034 2377 Donati
1058 2319 1115 2377 sed
1139 2317 1239 2392 inepti
1258 2332 1324 2376 ma·

149 2430 272 2504 gistelli
295 2433 345 2491 est
368 2432 545 2490 annotatio.

197 2547 248 2604 13.
274 2546 391 2605 Haud
410 2548 523 2606 muto
543 2545 713 2605 iactum.
734 2545 781 2605 De
800 2545 891 2604 varia
909 2545 1046 2606 lectione
1066 2546 1173 2606 haud
1193 2546 1325 2605 multo

149 2659 311 2719 factum
335 2660 415 2719 haec
438 2661 651 2720 annotantur:
679 2659 768 2734 „Hoc
792 2662 842 2719 est
865 2659 992 2735 damno,
1014 2660 1221 2734 reprehendo,
1242 2659 1326 2732 quod

150 2773 178 2832 si
202 2775 262 2849 est,
287 2773 335 2833 sic
358 2773 592 2848 intelligeretur
615 2788 680 2832 non
703 2773 823 2832 nollem
846 2773 1002 2833 iactum.'’
1023 2773 1084 2832 Hic
1102 2774 1163 2832 sic
1182 2773 1325 2847 positum

150 2903 207 2961 pro
242 2888 310 2948 vol
344 2887 422 2963 sio,
455 2888 517 2947 sic
549 2903 727 2960 quoquo:
759 2887 870 2960 utique
895 2887 982 2946 enim
1006 2888 1190 2961 opinionem
1214 2902 1326 2947 eorum

150 3002 269 3062 falsam
300 3017 372 3061 osse
402 3003 548 3061 Donatus
579 3002 680 3076 docet,
709 3000 764 3074 qui
787 3001 827 3060 ad
850 3001 956 3074 legem
980 3001 1019 3060 de
1042 3001 1178 3095 ingratis
1201 3001 1326 3061 libertis

151 3115 184 3175 in
215 3115 409 3176 servitutem
435 3115 637 3174 retrahendis
662 3113 761 3173 alludi
784 3114 837 3172 hic
859 3115 983 3188 putent.
1010 3114 1176 3188 Sequitur:
1204 3115 1325 3190 „Nemo

150 3231 239 3288 enim
269 3231 377 3304 potest
406 3229 530 3288 iactum
562 3228 717 3293 infectum
746 3228 865 3287 redere.
892 3228 952 3287 Sed
976 3228 1202 3287 adverbialiter
1225 3227 1324 3287 dixit:

150 3345 187 3402 ut
223 3343 361 3403 dicimus
396 3342 553 3403 nollem
587 3342 765 3418 iactum,
802 3341 923 3402 nollem
953 3342 1016 3401 huc
1048 3342 1206 3402 exitum.”
1238 3342 1327 3401 Haec

150 3472 254 3530 neque
279 3456 362 3516 inter
385 3471 421 3516 se
444 3471 548 3528 neque
572 3471 646 3515 cum
669 3455 934 3529 praecedentibus
954 3455 1143 3515 cohaerent:
1164 3455 1327 3530 pertinent

151 3570 239 3629 enim
270 3570 310 3628 ad
336 3569 510 3629 lectionem
533 3569 641 3628 hau'd
664 3571 778 3628 muto
801 3569 979 3641 factum3
1005 3569 1118 3628 deinde
1142 3569 1250 3629 nullus
1274 3569 1326 3628 hic

151 3686 202 3743 est
220 3684 311 3744 locus
331 3683 547 3744 coniunctioni
568 3682 687 3741 enim.
710 3682 828 3756 Opinor
844 3682 923 3742 olim
935 3682 987 3741 hic
1004 3715 1038 3721 —
1055 3682 1086 3741 id
1099 3683 1182 3755 quod
1194 3697 1324 3742 sexcen-

151 3799 213 3857 ties
244 3798 367 3858 factum
391 3797 540 3855 videmus
565 3828 604 3834 ——-
630 3795 744 3855 multis
768 3796 876 3855 verbis
899 3796 1074 3871 repetitum
1097 3796 1129 3855 id
1153 3797 1235 3869 quod
1259 3797 1325 3855 iam

151 3911 275 3970 dictum
305 3912 375 3970 erat
405 3910 495 3969 brevi
526 3911 622 3982 atque
646 3909 787 3982 eleganti
809 3909 948 3970 scholio:
972 3911 1088 3969 Haud
1112 3911 1225 3969 muto
1249 3909 1324 3968 fac-

152 4025 249 4094 tum]
289 4024 460 4098 „Venusia
497 4039 561 4082 non
595 4038 649 4081 me
679 4023 861 4096 poenitet'';
887 4023 1046 4083 excidisse
1070 4025 1180 4082 autem
1204 4023 1326 4082 lemma

152 4138 268 4197 Haud
291 4139 404 4197 muto
427 4137 588 4196 iactum
608 4152 682 4196 oum
702 4136 856 4210 longioris
875 4136 990 4195 scholii
1009 4136 1118 4208 initio;
1131 4137 1203 4196 tum
1216 4136 1325 4194 enim

180 4415 197 4467 ι)
212 4415 299 4460 Sciant
320 4415 362 4467 qul
382 4414 589 4459 commentarium
610 4413 701 4459 edituri
722 4415 762 4460 vel
777 4414 934 4460 emendaturi
948 4414 1002 4460 sint
1014 4413 1112 4458 nullum
1127 4423 1183 4458 esse
1198 4413 1224 4457 in
1239 4423 1267 4457 eo
1281 4411 1325 4456 ire-

154 4495 272 4548 quentius
286 4494 378 4540 vitium
394 4506 470 4548 quam
482 4495 532 4539 hoc
544 4493 724 4539 vocabulorum
738 4494 822 4548 inepta
836 4505 849 4539 e
863 4495 957 4540 vicinia
970 4494 1140 4550 repetitorum.
