3254 5274
724 695 766 756 49

158 892 235 949 nota
255 887 465 963 aegritudinis
485 888 518 947 et
538 887 779 970 desperationis.
801 886 871 945 Non
891 888 960 945 tam
980 889 1057 946 sunt
1075 887 1179 961 primo
1196 890 1329 962 aspectu

157 1005 326 1080 perspicua
356 1005 452 1062 haec:
488 1003 582 1077 ,quid
613 1004 684 1061 tum
714 1003 849 1076 postea?
880 1001 926 1061 nil
956 1005 1038 1062 est.”
1067 1004 1195 1063 Habent
1217 1006 1329 1063 tamen

157 1119 238 1177 11000
280 1133 404 1191 quoque
446 1116 645 1191 permultum
686 1117 878 1175 venustatis.
922 1117 1070 1176 Primum
1112 1118 1208 1190 quid
1242 1120 1328 1178 turn

157 1233 307 1304 postea
331 1231 406 1303 quid
429 1230 474 1289 sit
497 1231 633 1290 constat.
660 1229 712 1288 Sic
736 1230 822 1288 enirn
846 1232 961 1304 rogant
984 1231 1038 1304 qui
1062 1209 1245 1304 significant
1268 1231 1329 1291 sibi

157 1345 300 1417 aliquam
331 1359 400 1403 rem
431 1358 495 1403 non
525 1343 628 1402 videri
658 1343 769 1416 magni
792 1343 960 1403 momenti.
977 1338 998 1413 ¹)
1021 1343 1142 1403 Deinde
1165 1345 1330 1404 vocabulis

157 1458 217 1516 nil
242 1459 307 1516 est
326 1458 484 1516 Phaedria
504 1455 665 1530 significat
684 1457 724 1516 in
736 1457 835 1516 urbe
855 1457 935 1516 nihil
955 1472 1028 1517 esse
1040 1459 1123 1531 quod
1135 1473 1329 1532 magnopere

156 1571 318 1654 desideret
342 1570 610 1643 (quandoquidem
633 1570 699 1629 illic
722 1585 846 1644 quoque
870 1587 926 1644 per
949 1571 1082 1631 biduum
1106 1571 1135 1630 01
1155 1571 1329 1631 carendum

156 1687 207 1744 001
239 1684 370 1754 Thaide)
386 1677 417 1754 Ἰ).
449 1685 536 1743 Bene
567 1699 637 1742 10111
664 1685 830 1757 perspexit
853 1684 1042 1760 Scholiasta,
1068 1684 1122 1758 qui
1145 1685 1186 1744 ad
1208 1684 1331 1743 lemma

156 1798 268 1857 nihil
303 1800 391 1858 est?
426 1799 546 1872 quid?
581 1798 714 1857 nihil?
749 1797 784 1856 si
818 1813 898 1857 non
932 1800 1083 1858 annotat:
1118 1799 1330 1874 „Amantium

156 1913 393 1986 disputationes
413 1912 637 1971 intermiscent
657 1913 816 1984 quaedam
836 1912 970 1971 consilia
990 1927 1088 1972 sanae
1104 1912 1234 1986 mentis,
1249 1927 1330 1984 quae

155 2028 269 2086 tamen
289 2025 403 2084 statim
423 2025 622 2099 resurgentis
643 2025 763 2084 amoris
783 2027 922 2085 saevitia
941 2026 1186 2086 devincuntur.’'
1201 2026 1329 2090 Etenim

155 2141 188 2199 in
221 2139 387 2199 vocabulis
415 2138 524 2197 nihil
548 2141 613 2197 001
638 2139 809 2198 consilium
833 2155 931 2198 sanae
955 2140 1076 2199 mentis
1099 2138 1198 2198 finem
1221 2139 1328 2214 habet,

156 2269 174 2312 a
197 2253 297 2326 quid
320 2253 460 2326 resurgit
483 2252 603 2311 amoris
627 2253 774 2312 saevitia,

199 2367 286 2425 Dum
321 2367 421 2425 etiam
456 2381 568 2425 secum
602 2367 744 2440 loquitur
774 2367 940 2441 Phaedria,
974 2369 1006 2426 et
1037 2367 1075 2426 ab
1107 2367 1209 2426 altera
1239 2369 1330 2440 parte

156 2481 262 2540 otiosa
292 2480 400 2539 adstat
431 2479 554 2554 Dorias,
591 2480 726 2554 ,timida
756 2479 863 2539 subito
895 2480 1055 2553 egreditur
1079 2480 1246 2553 Pythias.”
1271 2479 1330 2537 His

156 2594 244 2652 enim
275 2593 383 2652 verbis
413 2593 516 2652 utitur
546 2593 704 2652 Phaedria
735 2608 809 2652 cum
841 2593 1053 2652 admiratione
1085 2594 1159 2666 quid
1191 2593 1246 2652 illa
1269 2593 1330 2652 sibi

155 2707 235 2766 velit
259 2722 386 2780 rogans
410 2707 460 2766 Ad
484 2707 680 2766 adiectivum
700 2707 851 2768 timida
870 2709 956 2766 recte
977 2707 1158 2766 Scholiasta
1177 2708 1328 2766 annotat:

158 2820 346 2894 „timida
375 2821 470 2880 modo
495 2835 599 2894 aegra,
624 2821 763 2896 turbata,
789 2822 984 2895 commota,”
1010 2821 1137 2891 (modo
1161 2823 1272 2880 autem
1296 2821 1329 2878 01

155 2933 208 2992 hic
235 2935 269 2992 01
292 2934 456 2992 sexcentis
480 2933 552 2992 aliis
575 2933 654 2992 locis
678 2931 839 3007 significat
862 2935 936 2993 hoc
967 2934 1078 3004 loco).

199 3047 308 3106 Habet
336 3048 478 3121 profecto
509 3048 644 3121 Pythias
668 3064 723 3107 cur
750 3048 905 3123 „timida”
930 3049 982 3107 sit.
1007 3048 1092 3107 Dum
1117 3049 1204 3107 enim
1216 3048 1329 3108 Dorias

156 3162 188 3219 01
226 3161 385 3221 Phaedria
419 3161 633 3221 adveniebant
668 3164 700 3221 01
735 3164 810 3222 ante
845 3161 966 3221 ostium
1001 3162 1221 3236 loquebantur,
1258 3160 1329 3234 ipsa

156 3274 309 3334 conclave
339 3275 527 3350 intraverat,
560 3276 593 3334 in
624 3291 686 3348 quo
717 3275 843 3335 ancillis
873 3276 1059 3335 lavantibus
1089 3275 1202 3336 relicta
1224 3275 1331 3333 fuerat

155 3387 246 3462 virgo
271 3388 470 3464 (Pamphila),
496 3388 602 3462 ibique
626 3391 820 3462 cognoverat
843 3405 907 3448 non
927 3405 1041 3448 verum
1062 3390 1119 3448 sed
1138 3388 1330 3447 simulatum

155 3502 347 3561 Eunuchum
378 3518 397 3561 a
427 3502 627 3562 Parmenone
651 3503 880 3563 introductum.
906 3503 1059 3563 Clamans
1083 3518 1158 3577 ergo
1170 3503 1327 3577 provolat,

155 3618 353 3676 scelerosum
384 3617 550 3676 hominem
574 3634 740 3692 quaerens,
766 3619 898 3692 eiusque
921 3619 1045 3679 factum
1070 3621 1102 3678 et
1126 3619 1199 3678 aliis
1222 3617 1330 3677 verbis

156 3731 340 3790 describens
363 3733 396 3790 01
418 3731 507 3790 hisce
532 3734 606 3801 (645
632 3712 721 3805 sq.):'

163 3910 402 3918 *.-——

185 4005 201 4055 ¹)
215 4001 325 4056 Belgica:
340 3999 391 4054 ,Νο
405 4000 458 4043 wat
471 4011 517 4044 zou
532 4000 606 4044 datr’

183 4081 299 4134 alonge
319 4081 433 4126 diversus
455 4092 470 4124 0
490 4083 576 4126 1100110
597 4082 651 4124 1000
673 4083 713 4126 001
732 4093 822 4126 versus
844 4081 1004 4128 Phormionis
1017 4083 1067 4137 2083
1084 4083 1171 4126 tamen
1183 4079 1218 4122 ibi
1234 4088 1331 4130 quoque

157 4153 218 4202 illud
236 4159 280 4202 nil
299 4161 348 4204 001
366 4159 470 4205 eandem
489 4159 542 4203 vim
560 4158 644 4204 habet.
658 4159 782 4204 Phaedria
796 4163 822 4205 01
836 4159 901 4204 Geta
914 4159 1085 4214 Antiphonem
1099 4159 1235 4214 propinquo
1249 4157 1331 4212 patris

157 4234 266 4280 adventu
284 4237 388 4280 anxium
401 4237 587 4289 sollicitumque
603 4238 696 4291 erigere
710 4239 736 4282 01
751 4238 896 4282 confirmare
912 4240 1045 4283 conantur:
1061 4238 1163 4292 frustra,
1176 4237 1249 4290 plane
1263 4235 1329 4279 0111111

157 4311 199 4355 ille
221 4313 324 4359 demisit
343 4315 465 4358 animum.
488 4315 597 4358 Tandem
619 4315 689 4370 Geta,
711 4315 775 4359 nihil
797 4315 914 4369 proficere
935 4327 962 4360 00
984 4315 1092 4368 alloquio
1114 4325 1159 4358 0110
1180 4312 1332 4365 intelligens,

157 4388 359 4444 indignabundus
380 4391 412 4434 ad
432 4388 593 4436 Phaedriam:
615 4393 676 4447 ,1100
696 4393 732 4436 nil
751 4395 797 4448 001,
811 4393 940 4446 Phaedria,
955 4393 1036 4438 ilicet”
1050 4393 1093 4436 ie.
1107 4391 1221 4436 hocloco
1237 4391 1271 4442 (in
1285 4390 1332 4433 hoc

158 4466 265 4523 homine)
285 4470 339 4524 spei
352 4469 417 4514 nihil
430 4472 476 4514 001.
491 4470 581 4514 Totum
596 4481 653 4524 ergo
668 4471 726 4514 hoc:
741 4471 815 4524 quid
829 4474 895 4516 tum
910 4473 1039 4526 postea?
1054 4471 1099 4514 nil
1118 4471 1166 4514 001
1180 4469 1278 4522 Belgice
1292 4469 1328 4512 sic

158 4547 254 4591 vertas:
269 4546 353 4603 ,11001
366 4557 477 4591 waarom
492 4559 538 4592 nou
552 4548 579 4591 ik
594 4549 662 4593 111011
677 4550 706 4592 In
721 4550 751 4593 de
766 4551 822 4594 stad
836 4551 883 4594 heb
898 4551 925 4594 ik
939 4551 997 4594 10011
1012 4551 1099 4596 niets.”

1240 4630 1251 4669 l
