3234 5254
783 643 846 702 224

224 831 285 889 hoc
315 831 419 890 addit:
455 830 535 906 ,feci
566 846 608 889 ex
634 844 728 890 servo
752 831 789 889 ut
812 845 902 889 esses
926 830 1007 888 mihi
1031 830 1199 889 libertus.”
1223 831 1310 890 Bene
1333 846 1403 904 per-

223 945 371 1017 spexisse
401 943 529 1002 videtur
560 943 741 1002 Scholiasta
772 944 826 1016 qui
857 946 944 1003 esset
967 944 1084 1002 horum
1107 944 1280 1002 verborum
1305 944 1402 1020 color,

223 1062 256 1117 et
290 1058 494 1130 aliquatenus
529 1057 629 1116 etiam
664 1055 865 1130 significasse
896 1057 1097 1116 annotando:
1132 1057 1234 1132 ,mire
1265 1058 1353 1116 addit
1385 1075 1404 1116 e

223 1186 346 1230 servo
368 1172 405 1229 ut
428 1170 497 1229 vim
516 1169 663 1229 beneficii
682 1170 910 1244 exprimeret.'’
931 1171 1002 1230 Non
1021 1171 1100 1230 dicit
1118 1171 1260 1231 breviter
1279 1187 1404 1232 manu

223 1284 346 1343 emisi
380 1286 420 1343 te
455 1299 558 1356 neque
592 1282 796 1342 libertum
831 1285 870 1342 te
894 1284 977 1343 feci
1011 1285 1068 1344 sed
1102 1285 1164 1345 ieci
1198 1287 1236 1344 ut
1266 1284 1404 1343 libertus

223 1412 313 1456 esses
347 1397 445 1469 mihi;
481 1412 584 1470 neque
619 1397 679 1456 hoc
713 1397 795 1456 satis
829 1397 956 1456 videtur
987 1400 1043 1457 sed
1075 1398 1185 1457 adiicit
1217 1414 1234 1457 e
1266 1414 1401 1457 servo.

223 1511 376 1570 Consulto
406 1512 562 1569 verbosus
593 1512 644 1569 est
670 1525 771 1569 senex
794 1526 856 1583 quo
880 1512 986 1585 magis
1010 1511 1171 1571 audientis
1195 1514 1403 1571 commoveat

223 1625 379 1684 animum.
412 1625 502 1684 Haec
532 1624 582 1682 est
613 1623 669 1682 illa
698 1623 829 1683 ubertas
860 1641 959 1698 quam
984 1626 1198 1686 orationis
1230 1641 1402 1684 succum

223 1738 300 1797 dicit
323 1738 442 1798 Cicero.
959 1741 961 1746 ’

266 1852 374 1924 Atque
408 1853 520 1911 eadem
551 1851 731 1911 verbositas
762 1854 832 1911 tota
862 1853 951 1912 senis
982 1853 1167 1911 narratione
1198 1853 1400 1911 observatur.

222 1941 308 2023 Nihil
335 1965 459 2025 omittit
485 1966 569 2025 unde
596 1981 749 2038 apparare
768 1967 872 2039 possit
891 1982 989 2038 quam
1009 1966 1095 2025 iuste
1115 1965 1222 2024 doleat
1242 1967 1275 2024 et
1294 1965 1401 2024 tristis

222 2079 266 2136 sit
297 2079 486 2151 anxiusque.
518 2078 645 2137 Dixerit
675 2079 808 2152 aliquis:
844 2094 1019 2153 „quorsum
1050 2078 1190 2152 pertinet
1217 2079 1313 2151 longa
1336 2079 1402 2137 ista

222 2192 393 2265 descriptio
420 2193 584 2266 pristinae,
611 2208 674 2265 qua
695 2192 782 2251 vixit
805 2191 899 2268 tilius,
925 2193 1112 2252 severitatis
1120 2193 1157 2250 ?'’
1182 2192 1402 2265 Respondebit

223 2305 413 2379 Scholiasta,
434 2308 467 2364 et
486 2308 559 2379 apte
579 2306 815 2379 prudenterque
835 2306 1056 2380 respondebit:
1081 2305 1180 2380 „bene
1201 2308 1292 2365 actae
1313 2306 1401 2364 vitae

222 2418 304 2477 ratio
336 2419 375 2476 ad
407 2434 480 2477 eam
510 2434 580 2477 rem
607 2419 695 2478 valet
718 2421 754 2477 ut
777 2420 927 2478 ostendat
950 2435 1049 2492 quarn
1073 2420 1180 2478 iustus
1203 2419 1292 2477 dolor
1314 2419 1399 2491 patri

222 2533 266 2591 sit
296 2546 353 2606 spe
384 2533 548 2605 decepto.”
579 2533 650 2591 Non
680 2533 785 2605 patiar
816 2533 898 2592 mihi
929 2533 981 2591 hio
1011 2548 1113 2591 unum
1141 2531 1221 2605 eripi
1244 2531 1398 2603 verbum;

222 2660 297 2719 ergo
320 2646 454 2719 probare
477 2661 541 2704 non
564 2660 698 2719 possum
721 2647 937 2705 recentiorum
961 2645 1165 2719 sapientiam,
1191 2644 1246 2716 qui
1265 2644 1345 2702 mihi
1365 2645 1400 2701 in

222 2758 386 2818 versibus:

354 2873 438 2932 Nam
461 2874 490 2932 is
514 2875 688 2947 postquam
711 2874 853 2932 excessit
877 2888 918 2932 ex
942 2872 1082 2946 ephebis,
1110 2872 1210 2946 Sosia,

356 2987 503 3046 Liberius
525 2985 657 3046 vivendi
679 2986 741 3045 fuit
763 2988 909 3059 potestas
934 2989 1022 3055 (narn
1046 2987 1143 3044 antea

356 3101 416 3176 Qui
438 3102 521 3161 scire
544 3116 657 3175 posses
681 3102 738 3160 aut
761 3100 927 3174 ingenium
951 3115 1084 3159 noscare

353 3215 439 3274 Dum
462 3216 562 3289 aetas,
587 3215 705 3288 metus,
730 3213 887 3286 magister
910 3213 1146 3286 prohibebant?

220 3330 298 3389 illud
325 3329 436 3404 „Sosia
464 3361 501 3370 -
526 3329 692 3402 potestas”
713 3328 840 3386 uncinis
860 3328 1036 3387 includunt.
1058 3328 1171 3386 Nonne
1192 3327 1303 3385 vident
1323 3342 1398 3385 cum

220 3443 340 3515 quanto
371 3441 433 3500 loci
464 3441 658 3500 detrimento
686 3439 739 3499 ille
764 3440 933 3499 vocativus
957 3440 1079 3512 Sosia
1103 3440 1275 3513 eximatur,
1301 3455 1397 3511 quan·

220 3556 292 3613 tum
315 3555 368 3613 ille
392 3545 469 3629 ἦθος
493 3553 634 3612 habeat?
658 3552 814 3625 Equidem
838 3553 948 3612 audire
971 3553 1053 3610 mihi
1076 3553 1129 3612 hic
1151 3553 1262 3611 videor
1285 3568 1398 3612 senem

220 3668 400 3741 singultum
435 3667 654 3751 devorantem.
691 3665 806 3740 Quidni
841 3681 916 3740 ergo
947 3681 1012 3724 una
1042 3681 1121 3725 voce
1152 3666 1235 3724 fuit
1265 3667 1299 3724 in
1329 3666 1399 3724 ubi

219 3785 348 3842 mutata
371 3781 487 3842 ceteris
511 3781 653 3840 salutem
677 3780 877 3840 afferamus?

264 3912 312 3956 vs.
345 3897 397 3956 54.
429 3895 491 3954 Hic
520 3895 655 3953 libertus
686 3910 783 3953 suum
814 3894 875 3952 ita
906 3896 971 3952 est
1002 3893 1176 3953 interserit.
1204 3894 1398 3966 ,intercedit

219 4011 334 4084 poeta’
360 4010 406 4068 ait
429 4008 618 4082 Scholiasta,
646 4023 706 4082 ,ne
729 4008 818 4066 solus
839 4007 926 4065 Simo
946 4007 1146 4079 loqueretur:
1169 4009 1313 4078 ceterum
1333 4023 1397 4067 non

220 4125 289 4182 erat
319 4122 531 4196 respondendi
561 4121 651 4180 locus
682 4121 917 4180 necessarius.’'
949 4120 1097 4179 Profecto
1129 4120 1276 4179 consulto
1303 4123 1398 4194 poeta

219 4237 272 4296 hio
302 4238 487 4311 loquentem
519 4235 642 4294 inducit
673 4235 816 4293 Sosiam:
850 4235 1045 4307 colloquium
1072 4233 1160 4292 enim
1186 4235 1265 4294 iacit
1289 4251 1305 4294 e
1329 4249 1396 4308 pro-

219 4351 308 4425 logo;
329 4351 386 4410 scd
405 4365 503 4423 quam
523 4350 597 4422 apte
617 4348 678 4406 hoc
697 4348 766 4420 ipso
785 4347 854 4406 loco
875 4347 986 4405 Sosiae
999 4347 1166 4406 silentium
1179 4343 1396 4420 interrumpit.

221 4463 280 4538 Qui
311 4465 389 4523 iilud
419 4464 526 4537 ipsum
558 4461 619 4520 ita
650 4461 716 4519 est
735 4475 809 4519 curn
842 4461 956 4533 capitis
981 4461 1119 4532 quodam
1144 4462 1223 4518 nutu
1249 4462 1281 4519 et
1304 4460 1398 4518 vultu
