3234 5254
781 682 843 741 211

222 886 296 930 esse
320 870 412 931 calvi.
437 870 481 930 At
504 870 607 929 multo
631 870 769 928 facetius
792 869 899 928 sciens
919 869 1088 928 Terentius
1109 869 1277 942 crispus
1297 870 1396 929 dixit:

178 1059 181 1064 Ι
221 984 306 1043 11111
348 984 436 1043 enirn
479 999 552 1042 cum
595 982 720 1042 Donato
756 984 948 1041 annotante:
987 997 1065 1056 ,ego
1100 982 1287 1040 Terentium
1321 985 1398 1056 puto

221 1097 381 1156 scientem
401 1097 538 1156 facetius
558 1097 742 1169 Myconium
760 1111 800 1154 cr
809 1097 844 1155 is
852 1113 872 1170 p
881 1113 903 1155 u
912 1112 945 1154 m
959 1095 1112 1154 dixisse.”
1126 1095 1209 1154 Nam
1223 1112 1284 1168 quo
1297 1097 1398 1171 impu·

222 1212 352 1271 dontius
388 1215 438 1271 est
472 1212 687 1286 mendacium,
724 1227 786 1284 quo
805 1212 980 1270 Parmeno
1012 1211 1176 1285 decipitur,
1210 1226 1247 1270 eo
1270 1209 1307 1269 fit
1330 1213 1400 1271 tota

222 1340 322 1384 scena
350 1326 457 1398 magis
488 1326 638 1385 ridicula:
669 1326 876 1400 perturbatus
906 1325 1072 1398 inopinata
1098 1341 1132 1384 re
1155 1325 1344 1399 Pamphilus
1369 1328 1402 1384 11

222 1436 343 1512 fingere
368 1439 488 1512 aliquid
512 1440 642 1499 coactus
665 1437 758 1513 fingit
781 1440 864 1513 quod
888 1455 952 1499 non
976 1440 1020 1498 sit
1038 1440 1072 1498 in
1091 1455 1200 1499 rerum
1220 1441 1345 1512 natura,
1368 1441 1400 1498 et

224 1551 359 1610 callidus
382 1552 436 1611 ille
459 1552 618 1613 Parmeno
642 1567 682 1612 ne
706 1553 767 1613 hoc
790 1553 920 1626 quidem
944 1553 1053 1612 sentit.

269 1665 309 1724 Et
335 1666 466 1725 omnino
490 1667 568 1739 quin
592 1668 716 1725 certum
741 1667 802 1726 sibi
827 1667 996 1726 Terentius
1020 1667 1138 1726 habeat
1161 1666 1310 1740 colorem,
1336 1681 1399 1725 cer-

223 1782 297 1837 tum
330 1778 522 1838 facetiarum
557 1795 668 1854 genus
707 1783 794 1839 certa
829 1779 966 1839 artificia
997 1780 1136 1839 dubitari
1167 1780 1287 1851 nequit.
1312 1780 1400 1838 Dabo

224 1893 421 1967 exemplum.
448 1893 534 1967 Quae
557 1894 636 1953 insit
658 1895 821 1954 festivitas
844 1897 878 1953 in
901 1894 980 1954 Eun.
1005 1911 1053 1953 vs.
1079 1897 1161 1954 916:

425 2009 511 2068 Bene
536 2009 647 2082 edepol
670 2024 792 2082 narras,
818 2024 895 2067 narn
919 2008 966 2067 illi
989 2009 1081 2067 faveo
1105 2009 1223 2082 virgini

226 2121 406 2180 Scholiasta
448 2123 578 2180 auctore
620 2122 917 2180 demonstravimus
952 2137 982 2195 p.
1019 2123 1070 2196 70,
1108 2124 1204 2194 atque
1238 2137 1401 2181 recurrere

225 2233 303 2292 illud
327 2232 501 2292 artificium
524 2234 601 2292 Hec.
628 2234 709 2292 233:

425 2347 563 2423 Gaude0,
589 2348 635 2406 ita
658 2363 711 2406 me
736 2348 768 2406 di
792 2349 913 2422 ament,
938 2348 1029 2421 gnati
1053 2363 1152 2408 eausa

225 2461 346 2520 ibidem
371 2462 611 2520 annotavimus.
636 2462 681 2519 At
703 2461 877 2521 Eunuchus
901 2462 1023 2521 Graeca
1041 2463 1207 2522 Menandri
1228 2467 1286 2540 est,
1308 2465 1400 2538 Apol·

228 2573 329 2632 lodori
363 2574 464 2633 fuisse
499 2574 662 2647 Hecyram
698 2575 854 2634 Graecam
889 2576 973 2634 inter
1004 2576 1091 2635 viros
1123 2577 1233 2636 doctos
1258 2578 1401 2636 constat:

226 2702 300 2760 ergo
333 2687 401 2745 sive
433 2688 643 2746 Menandrum
669 2657 830 2762 sequitur,
864 2691 933 2748 sive
965 2690 1197 2763 Apollodorum
1222 2691 1400 2764 Terentius,

225 2804 337 2860 tamen
371 2817 466 2860 suam
496 2802 557 2860 sibi
589 2805 699 2861 servat
729 2803 880 2862 indolem.
904 2803 1025 2861 Deinde
1050 2819 1113 2862 non
1137 2805 1233 2863 anxie
1257 2803 1402 2876 singulos

226 2917 332 2974 certae
355 2915 482 2974 fabulae
506 2915 646 2974 Graecae
669 2931 783 2974 versus
809 2917 842 2974 in
862 2932 956 2975 suam
976 2917 1183 2975 transtulisse
1203 2917 1400 2991 Terentium,

226 3027 282 3086 sed
324 3028 487 3087 iterdum
528 3028 559 3087 id
594 3027 719 3102 fecisse,
756 3028 839 3100 quod
875 3029 912 3087 de
947 3029 1016 3086 viro
1052 3029 1085 3087 in
1119 3029 1222 3087 literis
1256 3030 1401 3103 utrisque

225 3141 450 3200 versatissimo
486 3141 667 3214 exspectari
701 3143 837 3216 poterat,
873 3143 910 3200 ut
945 3141 1013 3215 ipse
1049 3157 1090 3201 ex
1121 3157 1159 3200 ea
1190 3143 1281 3217 copia
1303 3159 1401 3216 quarn

225 3256 335 3312 mente
378 3255 578 3314 reconditam
620 3255 753 3313 haberet
794 3271 853 3313 suo
896 3254 1053 3314 arbitratu
1095 3255 1148 3313 hic
1189 3255 1254 3315 illic
1297 3272 1401 3331 asper-

226 3369 315 3441 geret
351 3367 480 3442 aliquid,
511 3383 550 3426 ex
576 3367 704 3424 disertis
728 3368 861 3440 apparet
885 3367 1053 3440 exemplis
1078 3367 1200 3426 Versus
1224 3369 1257 3427 in
1280 3368 1402 3429 Andria

227 3481 301 3550 (959
326 3483 403 3553 sq.):

314 3594 380 3668 Ego
404 3595 538 3652 deorum
561 3594 664 3652 vitam
689 3596 856 3666 eapropter
880 3595 1113 3667 sempiternam
1137 3611 1209 3654 esse
1233 3597 1378 3672 arbitror,

316 3706 404 3781 Quod
427 3708 611 3780 voluptates
635 3722 747 3766 eorum
771 3707 916 3781 propriae
940 3710 1017 3766 sunt

227 3822 310 3893 apud
344 3821 554 3879 Menandrum
589 3835 654 3878 non
689 3820 722 3878 in
757 3821 878 3878 Andria
912 3821 1063 3893 leguntur
1093 3822 1151 3879 sed
1182 3822 1215 3879 in
1238 3822 1401 3882 Eunucho.

226 3933 391 3993 Ridiculae
414 3933 489 3992 illae
512 3933 633 4008 laudes
659 3934 774 4005 quibus
795 3933 827 3992 in
847 3934 1041 3993 Phormione
1060 3934 1195 4008 parasiti
1214 3936 1282 3993 vita
1303 3937 1401 3995 extol-

226 4047 303 4106 litur
327 4051 385 4115 (vs.
411 4047 474 4105 339
499 4050 597 4118 sodi:

316 4160 401 4219 Tene
433 4160 639 4232 asymbolum
663 4159 772 4218 venire
795 4161 931 4218 unctum
955 4162 1051 4232 atque
1075 4160 1201 4218 lautum
1227 4175 1243 4217 e
1268 4160 1400 4237 balneis,

317 4273 466 4332 Otiosum
486 4272 525 4331 ab
546 4273 663 4346 animo,
686 4287 783 4344 quom
804 4271 857 4331 ille
878 4274 911 4331 et
924 4287 1000 4332 cura
1013 4274 1045 4330 11
1057 4273 1191 4344 sumptu
1203 4272 1401 4334 absumitur!
1429 4321 1431 4326 .

316 4387 401 4445 Dum
423 4385 483 4445 tibi
505 4384 543 4443 fit
566 4386 649 4458 quod
672 4384 807 4458 placeat,
833 4384 887 4442 ille
911 4386 1056 4459 ringitur,
1081 4386 1118 4443 tu
1141 4385 1246 4443 rideas

228 4499 366 4572 scriptae
408 4500 485 4557 sunt
527 4499 566 4556 ad
602 4497 819 4556 imitationem
854 4513 1009 4555 versuum
1044 4513 1107 4556 non
1141 4498 1256 4556 Graeci
1289 4501 1402 4571 poetae
