3234 5254
823 613 885 672 168

266 801 359 860 stulit
382 801 514 862 dicendo
538 803 710 862 iterum:
735 803 858 861 utnon
883 803 996 862 eadem
1020 803 1060 861 lis
1084 805 1179 877 esset,
1206 803 1244 862 de
1261 817 1324 875 qua
1342 818 1438 875 supra

267 915 388 974 Demea
422 917 555 988 questus
590 918 649 992 est,
682 917 738 976 sed
769 915 951 976 instaurata
973 918 1158 978 nascatur.'’
1183 915 1338 990 Corrupta
1359 916 1439 975 haec

267 1029 346 1088 adeo
369 1031 407 1088 ut
430 1030 468 1088 de
492 1031 716 1090 emendatione
740 1031 917 1104 desperem.

311 1143 433 1202 Eadem
455 1144 583 1204 videtur
604 1145 745 1204 conditio
769 1145 883 1204 scholii
906 1145 1017 1210 advs.
1045 1146 1103 1204 11:

368 1257 450 1316 Novi
475 1273 533 1331 ego
556 1260 668 1318 vestra
690 1259 787 1318 haec:
812 1259 931 1319 nollem
955 1260 1088 1334 iactum,
1114 1259 1337 1320 iusiurandum

1152 1373 1290 1443 [dabitur
1312 1373 1344 1430 te
1368 1386 1439 1430 esse

368 1485 540 1558 Indignum
564 1486 681 1544 iniuria
703 1486 773 1560 hac,

268 1598 322 1657 ubi
355 1599 520 1673 praestare
555 1597 671 1658 dicitur
705 1600 882 1672 separatim
912 1600 1018 1673 legere
1051 1599 1347 1658 iusiurandum
1382 1598 1437 1656 da-

268 1710 384 1771 bitur
406 1713 439 1771 et
462 1712 638 1785 separatim
662 1713 701 1770 te
726 1727 819 1772 esse
842 1712 1062 1786 indignum
1086 1711 1246 1771 iniuria
1269 1713 1360 1786 hac,
1381 1711 1439 1769 1106

269 1827 476 1899 argumento:
512 1825 630 1899 „verba
661 1825 748 1885 enim
779 1825 1001 1898 satisfaciunt;
1026 1841 1126 1898 quum
1150 1841 1202 1884 res
1226 1824 1386 1899 colligitur
1408 1824 1439 1882 in

268 1939 470 2012 generalibus
505 1939 621 2014 causis,
654 1954 731 1998 nam
762 1954 858 2012 saepe
890 1939 956 1998 irae
980 1954 1018 1998 ac
1041 1939 1115 1999 lites
1139 1939 1341 1999 iureiurando
1366 1939 1440 1996 sunt

267 2053 494 2112 terminatae.”

314 2167 366 2225 23.
403 2165 533 2226 Certam
568 2181 640 2225 esse
670 2166 855 2241 formulam,
889 2182 953 2240 qua
983 2168 1011 2227 is
1038 2168 1149 2226 utatur
1173 2167 1226 2240 qui
1249 2167 1294 2226 nil
1318 2166 1440 2239 debeat,

269 2295 347 2340 non
378 2296 439 2340 me
470 2281 588 2340 novit
618 2280 798 2339 Scholiasta
821 2280 1115 2356 docendumque:
1143 2296 1227 2356 „non
1250 2281 1333 2353 quod
1357 2280 1441 2352 igno·

269 2396 366 2469 retur,
391 2395 448 2453 sed
472 2395 555 2467 quod
580 2395 613 2453 in
637 2395 705 2454 iure
726 2410 789 2454 non
808 2396 991 2455 'cernatur’'
1013 2396 1160 2455 Alteram
1180 2397 1296 2455 horum
1316 2396 1443 2468 partem

271 2509 454 2583 corruptam
479 2523 603 2567 censeo.

315 2622 366 2680 29.
392 2620 558 2680 Scholion:
586 2622 698 2696 „quasi
722 2622 851 2696 diceret,
877 2622 931 2681 ubi
950 2638 1014 2681 non
1034 2623 1093 2698 est,
1116 2622 1241 2695 quando
1261 2621 1443 2680 Aeschinus

267 2736 428 2808 loquitur'’
460 2735 721 2809 ingeniosissime
753 2752 772 2795 a
802 2737 1029 2796 Westerhovio
1056 2737 1265 2810 distinguitur
1289 2737 1321 2795 et
1345 2735 1443 2809 expli-

267 2851 372 2908 catur:
389 2850 501 2924 „quasi
513 2849 648 2908 diceret:
661 2849 725 2908 ubi
745 2865 819 2910 non
844 2851 918 2909 est.
933 2849 1063 2924 Quando
1076 2849 1257 2909 Aeschinus
1269 2849 1442 2920 loquitur.”

265 2962 344 3022 Vult
374 2953 461 3022 enim
492 2963 637 3023 Donatus
666 2963 864 3023 Sannionem
887 2965 979 3038 plura
1003 2965 1164 3023 dicturum
1187 2963 1298 3038 luisse,
1324 2963 1381 3022 sed
1405 2962 1444 3021 ab

265 3077 427 3138 Aeschino
451 3076 693 3151 interpellatum
717 3077 890 3136 tacuisse.”

310 3193 362 3251 37.
475 3191 570 3250 Minis
593 3191 709 3265 viginti
733 3192 770 3250 tu
795 3191 886 3250 illam
911 3192 1037 3251 emisti:
1064 3207 1145 3264 quae
1169 3206 1221 3250 res
1244 3189 1303 3249 tibi

1170 3302 1398 3374 [vortatmale.

265 3417 462 3477 Scholiasta:
490 3417 619 3492 „adiicit
644 3416 885 3492 contumeliam,
918 3418 1012 3491 quasi
1043 3420 1076 3477 et
1099 3419 1159 3478 hoc
1182 3417 1325 3476 multum
1348 3415 1392 3474 sit
1411 3417 1443 3475 et

264 3531 465 3590 inimicum.'’
498 3531 583 3591 Hoc
612 3532 679 3591 est:
712 3546 769 3604 pro
795 3530 913 3590 ancilla
936 3531 1063 3591 solvere
1086 3531 1193 3598 lenoni
1216 3529 1358 3604 pretium
1381 3544 1442 3602 quo

264 3647 374 3719 empta
408 3646 475 3719 est:
511 3645 731 3706 inimicum
768 3646 954 3719 corruptum
986 3646 1130 3719 videtur3
1162 3643 1440 3720 requiriturfere:

263 3774 343 3818 non
366 3758 595 3818 ferendum.
620 3760 672 3818 An
696 3759 911 3832 iniquum?

306 3874 358 3932 46.
429 3871 562 3932 Homini
581 3872 701 3932 misero
722 3871 794 3946 plus
815 3872 1008 3946 quingentos
1022 3872 1173 3946 colaphos
1186 3873 1316 3946 infregit
1328 3872 1418 3931 mihi.

263 3985 386 4045 Schol:
420 4031 434 4060 „
453 3987 553 4046 ...et
575 3985 725 4045 flebiliter
752 3985 1027 4059 pronuntiandum
1051 3988 1118 4047 est:
1143 3987 1204 4046 hoc
1227 3986 1315 4046 enim
1340 3984 1440 4058 expri-

261 4099 370 4175 mitur,
406 4101 444 4158 ut
474 4100 587 4158 tamen
618 4099 743 4158 incuset
775 4097 808 4156 in
841 4099 945 4159 alieno
975 4100 1061 4159 iacto
1084 4100 1249 4159 fortunam
1272 4114 1378 4157 suam.
1404 4097 1442 4156 Et

261 4213 334 4273 vide
370 4216 529 4287 quantum
561 4214 622 4273 hoc
653 4213 751 4272 distet
784 4213 822 4272 ab
855 4213 908 4272 illo
933 4215 1016 4287 quod
1040 4229 1137 4287 supra
1161 4214 1303 4273 dicebat:
1330 4213 1442 4272 istuc

260 4326 355 4386 volo
380 4343 476 4400 ergo
501 4327 638 4401 ipsum
662 4326 870 4399 experiri:
897 4327 957 4386 hoc
981 4328 1056 4400 quia
1075 4327 1164 4386 solus
1184 4329 1243 4402 est,
1265 4327 1345 4386 illud
1368 4326 1442 4401 quia

262 4455 336 4500 cum
368 4441 584 4500 adversario.''
619 4442 739 4500 Sensus
771 4442 838 4499 est:
875 4457 1093 4516 „quamquam
1117 4442 1155 4500 de
1179 4419 1274 4501 facto¹
1288 4439 1443 4501 Aeschini
