3230 5260
276 820 417 880 amicum
454 818 629 880 Charinum
663 821 754 879 metu
789 819 903 892 solvit;
940 820 1143 879 demonstrat
1174 817 1262 878 enim
1294 834 1360 878 non
1382 820 1443 879 lore

276 934 378 1009 hodie,
415 935 446 994 id
481 935 564 1007 quod
595 933 642 992 illi
673 933 800 993 dixerat
822 936 923 1009 pater,
949 933 1080 1008 nuptias
1104 932 1178 992 illas
1202 932 1282 992 adeo
1305 933 1441 993 reformi·

276 1049 385 1120 datas;
417 1063 482 1108 non
513 1039 601 1106 esse'
616 1063 691 1122 ergo
723 1047 860 1107 Charino
888 1047 1124 1121 desperandum
1148 1048 1187 1106 de
1211 1047 1356 1106 ducenda
1378 1047 1442 1106 Phi-

274 1163 414 1236 lumena,
451 1176 549 1234 quam
584 1160 652 1234 ipse
687 1161 836 1219 ardenter
869 1177 1007 1220 uxorem
1042 1160 1139 1235 eupit,
1172 1160 1342 1234 Pamphilo
1374 1177 1444 1221 vero

275 1276 472 1336 invitissimo
496 1275 638 1335 obtrudit
660 1277 760 1349 pater.
785 1275 995 1335 Demonstrat
1019 1276 1129 1334 autem
1153 1275 1339 1335 narratione
1359 1275 1445 1335 cuius

275 1391 335 1450 hoc
358 1392 409 1450 est
432 1389 562 1448 initium
587 1392 645 1458 (vs.
671 1390 852 1459 353--60):

364 1503 451 1562 Tuus
474 1504 566 1577 pater
588 1503 684 1562 modo
708 1502 760 1561 hic
783 1518 836 1561 me
859 1502 1003 1576 prendit:
1028 1503 1075 1562 ait
1093 1502 1152 1562 tibi
1172 1519 1310 1562 uxorem
1330 1504 1405 1564 dare

363 1618 475 1692 Hodie,
504 1617 551 1676 ita
574 1618 638 1676 alia
660 1618 773 1692 multa,
798 1633 880 1690 quae
903 1634 988 1678 nuno
1012 1634 1076 1678 non
1100 1620 1151 1678 est
1174 1621 1326 1679 narrandi
1349 1619 1445 1678 locus.

365 1731 522 1792 Continuo
546 1733 585 1790 ad
608 1733 641 1791 te
664 1747 839 1806 properans
862 1709 1012 1806 percurro
1036 1733 1076 1792 ad
1099 1733 1215 1808 forum,
1241 1735 1278 1793 ut
1302 1733 1407 1794 dicam

1265 1848 1336 1918 [tibi
1359 1848 1445 1907 haec.

363 1959 425 2020 Ubi
445 1962 478 2019 te
493 1975 557 2018 non
570 1959 709 2035 invenio,
723 1959 767 2018 ibi
779 1961 917 2020 ascendo
931 1959 964 2019 in
976 1961 1137 2033 quendam
1151 1961 1318 2020 excelsum
1330 1961 1445 2021 locum.

364 2073 603 2148 Circumspicio,
628 2089 806 2147 nusquam:
830 2074 913 2134 forte
937 2073 980 2132 ibi
1004 2074 1100 2132 huius
1125 2075 1217 2135 video
1240 2076 1406 2149 Byrriam3

363 2189 468 2262 Rogo:
493 2192 591 2261 negat
613 2189 744 2248 vidisse.
769 2188 851 2247 mihi
874 2187 1062 2248 molestum.
1087 2188 1163 2262 quid
1187 2205 1283 2263 agam
1304 2190 1417 2262 cogito.

364 2301 523 2360 Redeunti
546 2301 670 2361 interea
693 2317 735 2361 ex
758 2301 829 2376 ipsa
852 2317 886 2360 re
909 2301 956 2360 mi
980 2302 1092 2361 incidit
1115 2302 1273 2377 suspicio:
1301 2303 1405 2378 ,hem,

364 2415 535 2475 Paululum
559 2416 688 2475 obsoni:
713 2416 803 2490 ipsus
826 2416 948 2476 tristis:
973 2417 1012 2476 de
1035 2417 1216 2500 improviso,
1235 2417 1384 2490 nuptiae:

361 2529 433 2589 Non
457 2530 662 2590 cohaerent.'’

273 2644 362 2703 Haec
396 2660 415 2703 a
450 2644 632 2704 Scholiasta
665 2647 821 2705 annotata
856 2645 1059 2705 invenimus:
1094 2647 1241 2722 ,Rogoz
1274 2647 1358 2706 mira
1381 2648 1448 2707 bre·

271 2757 359 2816 vitas
390 2759 423 2817 et
457 2758 647 2834 imitanda,”
683 2761 732 2818 et:
771 2760 913 2835 ,Ipsus
944 2761 1110 2836 tristis,
1144 2762 1189 2820 de
1213 2761 1448 2835 improviso

272 2872 464 2946 nuptiae:
500 2873 582 2932 mire
614 2875 646 2932 et
677 2873 852 2933 moraliter.
884 2873 933 2932 Ex
960 2874 1012 2933 his
1043 2875 1131 2933 enim
1162 2890 1244 2948 quae
1274 2875 1362 2934 facta
1385 2890 1448 2934 non

272 2986 357 3062 sunt,
380 2987 472 3046 docet
491 2987 575 3059 quod
594 2987 710 3046 fecisse
730 2986 869 3047 deberet.
890 2986 930 3046 Et
943 2988 988 3046 de
1012 2988 1248 3062 improviso
1272 2989 1448 3062 nuptiae

271 3100 576 3173 pronuntiandum.’'
609 3101 720 3160 Nonne
748 3101 828 3160 haec
852 3101 921 3160 eius
945 3103 1022 3161 sunt
1046 3101 1100 3174 qui
1123 3101 1272 3176 spectari,
1297 3116 1362 3160 non
1386 3101 1449 3175 legi

272 3215 344 3274 vult
367 3213 578 3274 Terentium?

316 3328 414 3387 Andr.
452 3329 525 3388 741.
561 3327 671 3404 Mysis
708 3329 847 3402 Glycerii
882 3330 1007 3405 ancilla,
1045 3345 1064 3389 a
1099 3329 1188 3389 Davo
1220 3329 1318 3404 iussa,
1344 3328 1448 3390 filium

272 3458 369 3515 quem
400 3442 569 3516 Pamphilo
596 3443 719 3518 peperit
750 3443 814 3519 illa,
840 3446 915 3503 ante
940 3443 1063 3503 ostium
1086 3444 1247 3518 Pamphili
1270 3442 1374 3517 patris
1398 3445 1447 3503 de·

271 3557 387 3630 posuit,
410 3557 480 3630 ipsa
499 3559 666 3632 remansit,
688 3557 797 3617 Davus
818 3558 913 3632 abiit;
935 3559 1246 3633 appropinquantem
1266 3558 1355 3617 enim
1366 3558 1448 3617 vidit

272 3668 488 3745 Chremetem,
522 3671 576 3744 qui
607 3671 757 3730 omnibus
787 3672 893 3730 modis
925 3687 964 3730 ne
995 3669 1098 3729 filiam
1126 3671 1180 3730 det
1203 3670 1373 3744 Pamphilo
1399 3674 1449 3731 est

271 3783 489 3842 deterrendus
514 3784 647 3843 Accedit
667 3785 778 3843 antem
798 3783 953 3843 Chremes
972 3784 1089 3859 lentus,
1111 3784 1158 3842 nil
1178 3783 1257 3842 mali
1277 3784 1448 3857 suspicans

271 3899 304 3956 et
327 3913 439 3957 33311111
462 3897 606 3971 loquens.
631 3898 812 3958 Audiamus
836 3899 960 3972 ipsum:

404 4012 569 4086 Revertor,
594 4013 767 4085 postquam
791 4027 872 4084 quae
896 4026 976 4085 opus
999 4011 1087 4070 fuere
1112 4011 1152 4070 ad
1174 4011 1305 4084 nuptias

405 4125 528 4184 Gnatae
551 4125 672 4200 paravi,
698 4127 735 4184 111
758 4125 887 4185 iubeam
912 4125 1041 4184 arcessi.
1067 4125 1128 4184 Sed
1152 4125 1227 4197 quid
1250 4124 1335 4184 hoo?

403 4239 486 4298 Puer
509 4239 658 4314 herclest,
683 4239 802 4298 mulier
825 4240 861 4298 tu
885 4239 1042 4312 apposisti
1061 4238 1170 4297 huno?

270 4352 415 4412 Annotat
435 4352 632 4412 Scholiasta:
649 4353 745 4428 ,Sed
766 4353 862 4425 quid
882 4352 981 4411 hoc?
993 4352 1064 4411 Non
1076 4351 1306 4425 interrogantis
1318 4351 1376 4410 sed
1388 4350 1446 4410 mi·

270 4466 372 4525 rantis
381 4467 414 4525 et
422 4465 705 4540 nonintelligentis
714 4467 773 4526 est.
783 4465 824 4524 Et
832 4467 965 4540 apparet
973 4478 1048 4525 eum
1056 4480 1121 4526 non
1129 4465 1230 4525 oculis
1238 4465 1336 4542 prius,
1347 4479 1446 4539 quam
