3230 5260
809 675 851 732 86

245 863 344 923 faciat
375 863 467 922 alius.
496 863 536 921 Et
559 862 622 920 nisi
645 860 788 934 puderet,
814 858 913 919 durus
937 860 1025 919 esset
1048 860 1154 936 homo,
1180 861 1327 935 agrestia,
1348 860 1417 919 bar·

245 977 352 1036 barus,
379 977 442 1051 ,At
465 976 551 1034 idem
575 975 708 1033 tamen”
729 973 850 1032 dixeris
873 973 971 1048 ,illud
991 973 1029 1052 de
1048 958 1207 1032 Bacchide
1227 974 1420 1032 arcessenda

246 1090 377 1149 dederat
397 1089 600 1148 consilium.''
621 1087 769 1146 Alteram
789 1100 864 1160 ergo
877 1086 950 1146 audi
964 1087 1163 1146 scholiastae
1175 1081 1419 1146 annotationem

245 1203 285 1262 ad
315 1218 364 1262 vs.
398 1203 478 1261 720:
514 1201 619 1275 „Bene
651 1202 782 1259 servata
812 1201 890 1258 sunt
919 1200 1066 1273 personis
1093 1200 1311 1274 congruentia.
1334 1200 1419 1260 Nam

244 1332 394 1376 socerum
417 1331 555 1376 monere
586 1313 669 1374 hanc
700 1329 770 1373 rem
797 1314 927 1373 tantum
951 1314 1066 1390 decuit,
1091 1329 1156 1373 non
1179 1314 1279 1373 etiam
1302 1313 1417 1389 facere,

243 1434 281 1491 ut
304 1445 379 1490 cum
401 1429 514 1504 pellice
536 1427 622 1488 filiae
646 1442 724 1487 suae
748 1428 862 1486 mitius
886 1428 1189 1487 sermocinaretur.”

288 1543 474 1602 Admonent
503 1557 557 1601 me
581 1542 780 1601 scholiastae
804 1540 842 1599 de
866 1539 1015 1600 Terentio
1038 1556 1268 1614 usquequaque
1293 1540 1419 1600 urbani·

243 1657 322 1718 tatis
345 1657 505 1716 rationem
524 1655 672 1730 habente,
694 1656 790 1728 atque
810 1655 881 1714 ideo
901 1669 997 1728 saepe
1019 1656 1186 1714 auctorem
1202 1670 1418 1714 1111111111-

245 1770 350 1845 dante,
383 1770 608 1829 annotationes
635 1772 673 1827 ut
695 1783 798 1841 pauca
821 1768 980 1841 quaedam
1003 1769 1072 1842 ipse
1096 1767 1134 1827 de
1158 1768 1299 1850 Andriae
1321 1782 1420 1827 versu

244 1884 384 1958 quodam
415 1885 578 1943 annotem.
610 1883 717 1941 Etiam
748 1897 834 1941 nunc
865 1897 961 1956 saepe
993 1881 1092 1941 verba
1116 1882 1257 1941 Simonis
1282 1885 1340 1951 (vs.
1364 1882 1419 1951 40)

247 1997 353 2073 ,haud
376 1999 467 2056 muto
491 1996 635 2056 factum'
659 1995 721 2054 viri
741 1995 826 2054 docti
846 1992 1012 2055 illustrant
1031 1996 1173 2056 docendo
1192 1996 1299 2070 legem
1318 1994 1419 2054 fuisse

245 2110 329 2183 apud
349 2110 522 2185 Romanae,
544 2125 607 2183 qua
626 2111 760 2182 patrono
780 2109 892 2168 liceret
911 2110 1076 2182 ingratum
1095 2109 1248 2169 libertum
1268 2110 1302 2168 11
1321 2109 1418 2168 servi·

244 2225 351 2282 tutem
381 2224 554 2282 retrahere.
586 2223 699 2282 Nonne
730 2237 805 2295 ergo
836 2222 982 2281 sentiunt
1009 2237 1107 2296 quam
1130 2223 1174 2282 sit
1197 2223 1417 2296 invenustum,

245 2336 470 2411 inhumanum,
493 2333 699 2412 ἀπειρόκαλον,
718 2336 752 2394 11
773 2336 929 2409 colloquio
950 2351 1024 2395 cum
1045 2336 1145 2412 Sosia,
1160 2336 1214 2395 illo
1226 2335 1419 2411 probissimo

247 2447 500 2523 fidelissimoque
523 2450 722 2525 mortalium,
747 2452 817 2509 tam
841 2451 938 2510 durae
962 2450 1043 2524 legis
1066 2451 1267 2510 mentionem
1290 2449 1420 2510 facere?

245 2563 290 2622 At
309 2563 412 2622 sensit
431 2564 492 2623 hoc
513 2564 701 2640 Scholiasta,
724 2564 778 2638 qui
798 2578 940 2622 errorem
959 2563 1052 2623 illum
1072 2565 1241 2623 vetustum
1261 2563 1327 2622 iam
1347 2577 1420 2622 esse

244 2691 303 2735 nos
335 2677 426 2736 docet
457 2678 490 2735 ct
520 2677 567 2736 sic
594 2693 670 2736 eum
689 2677 826 2736 refutat:
850 2676 986 2752 ,Haud
1009 2679 1123 2736 muto
1146 2677 1324 2736 iactum:
1348 2677 1420 2736 Non

243 2805 297 2849 me
327 2789 480 2864 poenitet,
505 2803 582 2849 nam
606 2790 634 2849 si
658 2791 733 2863 quid
756 2791 936 2864 poeniteret
958 2790 1170 2850 infectum
1201 2790 1314 2850 velle
1337 2790 1418 2850 dice-

242 2903 330 2962 bant.
355 2903 406 2962 An
430 2903 608 2962 secundum
631 2903 691 2979 ius,
714 2904 797 2977 quod
818 2905 973 2962 adversus
993 2904 1126 2964 libertos
1147 2905 1292 2978 ingratos
1309 2905 1367 2979 est,
1381 2905 1420 2963 ut

241 3015 275 3075 in
294 3017 488 3076 servitutem
508 3019 722 3077 revocentur?
744 3018 805 3078 Sed
824 3019 886 3078 hoc
905 3033 970 3077 non
991 3019 1142 3078 convenit
1155 3033 1268 3078 senem
1281 3019 1418 3078 dicere.”

286 3129 326 3193 B.
357 3131 527 3191 Terentius
558 3147 686 3206 semper
716 3132 749 3191 in
781 3134 928 3206 tempore
959 3133 1098 3192 consulit
1126 3132 1347 3193 oeconomiae:
1376 3145 1419 3190 11

240 3244 367 3304 fabulae
391 3245 499 3305 exitus
523 3247 758 3320 spectatoribus
781 3247 976 3306 incredibilis
996 3246 1145 3306 videatur
1163 3248 1230 3306 iam
1252 3246 1285 3305 in
1305 3245 1420 3319 primis

239 3357 346 3416 scenis
377 3359 468 3432 ponit
491 3360 650 3431 quaedam
674 3359 790 3433 quibus
814 3359 915 3419 animi
939 3375 1051 3419 eorum
1074 3361 1315 3434 praeparentur,
1340 3373 1419 3417 nam

240 3471 433 3531 verisimilia
463 3473 573 3532 omnia
603 3488 674 3532 1111
704 3473 785 3532 vult.
817 3473 906 3532 Haec
937 3475 987 3533 est
1017 3473 1073 3532 illa
1102 3473 1253 3548 Terentii,
1278 3472 1374 3532 toties
1399 3487 1420 3531 a

243 3583 424 3670 Scholiasta
464 3585 604 3662 laudata,
648 3585 900 3661 vigilantia,
946 3585 1037 3644 cuius
1075 3601 1178 3645 unum
1213 3586 1265 3644 hic
1299 3597 1419 3660 ponam

244 3699 440 3774 exemplum,
473 3698 556 3771 quod
587 3699 691 3758 instar
721 3698 868 3758 omnium
892 3700 951 3758 est.
977 3698 1118 3758 Andriae
1141 3698 1269 3758 fabulae
1292 3698 1345 3756 hic
1367 3700 1419 3757 est

243 3809 352 3870 exitus
385 3814 423 3871 ut
456 3812 646 3886 Pamphilus
680 3812 876 3889 adolescens
910 3811 990 3872 civis
1021 3812 1151 3872 Atticus
1182 3812 1318 3871 honesto
1348 3811 1418 3870 loco

243 3927 350 4000 natus,
384 3925 569 3998 Glycerium
601 3926 764 3998 quandam
794 3939 931 3984 uxorem
964 3926 1068 4000 ducat,
1101 3926 1193 3999 patre
1223 3940 1288 3984 non
1311 3925 1420 3984 solum

242 4038 452 4111 permittente
486 4039 543 4098 sed
578 4039 678 4098 etiarn
712 4039 881 4113 gaudente.
917 4039 1010 4098 Hanc
1044 4038 1132 4098 11111
1168 4038 1353 4112 Glycerium
1383 4040 1420 4098 et

241 4151 348 4226 ipsam
379 4153 485 4212 civem
516 4167 587 4212 esse
618 4153 763 4213 Atticam
794 4153 968 4229 apparebit,
1001 4154 1058 4213 sed
1081 4168 1192 4213 amare
1216 4169 1289 4213 eam
1313 4151 1430 4226 coepit-

243 4265 433 4340 Pamphilus
452 4267 486 4325 in
505 4266 600 4326 domo
619 4267 820 4340 meretricia;
842 4268 957 4327 educta
976 4268 1064 4329 enim
1084 4270 1134 4327 est
1154 4268 1237 4342 apud
1257 4267 1416 4328 Andriam

243 4378 444 4452 chrysidem.
477 4381 558 4456 Quid
589 4397 663 4456 ergo
686 4384 800 4455 poetae
824 4384 875 4441 est
898 4382 1083 4456 agendum?
1106 4382 1238 4441 Efficere
1261 4381 1356 4441 debet
1377 4383 1418 4444 ut

242 4493 441 4566 spectatores
473 4495 605 4554 credant
635 4495 759 4556 nullam
791 4496 903 4555 tamen
934 4495 1072 4569 Glycerii
1102 4494 1210 4554 famae
1242 4495 1417 4555 adhaerere
