3234 5254
717 617 778 676 179

154 801 212 876 sio⁷
245 817 442 874 quamquam
470 805 551 862 satis
575 805 682 879 inepto
706 819 865 880 sermone,
890 805 1096 864 hecdicium
1121 807 1198 866 erit:
1227 808 1274 879 „si
1300 811 1333 867 et

154 917 293 974 ortum
318 918 350 975 et
372 921 591 990 peccatum
615 918 795 991 praedicata
823 921 941 994 essent,
967 919 1077 993 utique
1101 920 1332 994 interponenda

155 1031 226 1086 erat
246 1029 459 1089 coniunctio.'’
476 1030 652 1090 Auctorem
666 1031 780 1090 scholii
794 1032 957 1105 aliquanto
971 1033 1150 1106 elegantius
1163 1034 1333 1108 scripsisse

155 1142 278 1214 opinor.

204 1257 253 1314 14.
318 1256 447 1331 Omnes
474 1257 588 1330 quibus
614 1273 666 1316 res
690 1260 767 1317 sunt
790 1259 899 1317 minus
923 1259 1091 1336 secundae,
1116 1261 1223 1334 magis
1246 1264 1332 1336 sunt,

975 1371 1094 1442 [nescio
1118 1374 1286 1449 quomodo,

321 1483 506 1558 Suspiciosi.

155 1595 307 1654 Nescio
343 1597 563 1668 quomodo]
599 1598 678 1671 „hoc
709 1601 759 1656 est
790 1599 1078 1674 vehementia,
1111 1599 1200 1658 nulla
1223 1601 1331 1674 palam

156 1708 312 1768 ratione.''
348 1710 432 1782 Lege
466 1710 757 1784 vehementer;
793 1726 870 1770 narn
907 1713 1079 1784 utrumque
1111 1713 1197 1772 inest
1220 1713 1253 1772 in
1277 1714 1331 1773 illo

156 1824 300 1881 nescio
324 1824 542 1898 quomodo,
567 1826 600 1883 et
622 1825 901 1884 vehementer
924 1827 957 1884 et
982 1826 1126 1885 nescio
1152 1840 1230 1885 our.

204 1937 253 1994 17.
291 1935 456 2011 „Coram
491 1937 530 1996 ad
562 1939 686 1996 ceteras
717 1953 870 2011 personas
903 1938 1053 2014 refertur,
1078 1938 1216 2012 palam
1240 1954 1331 2012 gene·

157 2049 266 2109 raliter
301 2051 448 2111 dicitur.''
484 2051 622 2110 Omnino
656 2052 838 2125 recipienda
868 2052 959 2110 varia
991 2051 1085 2111 lectio
1110 2055 1252 2112 certas
1275 2067 1331 2127 pro

161 2165 338 2223 ceteras.

201 2386 253 2459 IV,
280 2387 309 2444 4.
335 2387 372 2444 In
396 2402 528 2446 scenam
552 2387 657 2461 prodit
680 2387 862 2446 Aeschinus
887 2387 919 2444 et
944 2385 991 2444 sic
1009 2386 1229 2471 ¹lamentatur:

245 2499 426 2560 Discrucior
449 2501 559 2560 animi.
585 2500 726 2560 Hoccine
751 2501 789 2559 de
813 2481 1094 2573 improviso'mali
1117 2498 1197 2557 mihi
1218 2499 1311 2558 obiici

249 2612 400 2673 Tantum.

158 2728 341 2786 Annotatur
372 2729 410 2786 ad
437 2728 614 2787 hoccine
638 2729 683 2787 de
707 2727 943 2801 improviso
967 2726 1084 2786 maii:
1113 2727 1212 2801 „haec
1234 2726 1334 2784 verba

157 2840 323 2914 repentino
347 2842 459 2901 nuntio
483 2842 666 2915 perculsum
691 2842 834 2901 indicant
856 2841 1058 2900 Aeschinum
1078 2841 1207 2914 propter
1228 2840 1328 2899 divor-

157 2954 240 3012 tium
264 2956 350 3013 stare
374 2956 407 3013 et
429 2955 512 3013 iram
536 2955 620 3014 circa
643 2970 678 3013 se
703 2955 868 3014 Sostratae
890 2957 922 3013 et
943 2953 1012 3012 eius
1032 2952 1117 3012 filiae
1141 2952 1330 3026 obreptum

157 3067 369 3127 meretricie.”
413 3067 502 3144 Quid,
546 3083 674 3142 quaeso,
718 3069 751 3126 in
794 3067 856 3126 isto
883 3068 1064 3150 ¹propter
1098 3065 1332 3125 divortium

158 3183 273 3240 stare
314 3181 418 3241 latet?
461 3182 646 3255 Legendum
684 3181 767 3240 fere:
803 3181 1061 3241 Aeschinum
1097 3179 1331 3238 divortium

158 3297 345 3354 metuere
379 3297 551 3369 propter
586 3295 690 3353 iram
726 3309 835 3367 e.q.s.

201 3409 242 3468 ib.
278 3408 436 3484 „obiici
466 3409 582 3467 dicitur
613 3408 646 3466 in
669 3409 841 3480 utramque
871 3409 1015 3480 partem:
1040 3409 1078 3466 ut
1100 3407 1128 3465 si
1152 3421 1232 3479 quos
1257 3407 1331 3464 ante

158 3523 229 3596 quis
260 3522 357 3596 videt,
387 3537 485 3598 quam
508 3521 755 3596 exspectaverit,
788 3535 849 3594 quo
881 3520 978 3578 verbo
1001 3520 1190 3593 magnitudo
1209 3518 1332 3577 ¹doloris

157 3636 337 3695 ostenditur
361 3651 403 3694 ex
426 3635 601 3710 improviso
625 3634 861 3694 incommodo.”
887 3633 1071 3707 Legendum
1099 3647 1213 3692 censeo
1234 3633 1274 3690 et
1296 3632 1332 3690 si

157 3765 260 3823 quos
290 3765 346 3822 pro
376 3751 421 3808 ut
451 3749 486 3806 si
517 3763 618 3821 quoe
649 3749 682 3806 et
713 3748 752 3806 et
783 3761 826 3806 eo
857 3747 983 3806 verbo
1007 3762 1063 3820 pro
1088 3761 1163 3819 quo
1186 3745 1330 3804 verbo:

157 3863 299 3935 alioquin
322 3863 409 3921 istud
428 3863 472 3944 in
495 3864 718 3934 utramque
741 3863 903 3934 partem
927 3875 1026 3919 sensu
1049 3858 1177 3918 carebit.

203 3979 222 4035 6
247 3992 315 4049 sqq.
341 3977 393 4035 Sic
415 3976 628 4035 infortunium
652 3990 748 4034 suurn
772 3973 960 4047 Pamphilus
985 3974 1111 4031 narrat:

511 4090 657 4148 Sostrata
681 4088 782 4147 credit
804 4087 885 4146 mihi
909 4102 962 4145 me
986 4086 1155 4160 psaltriam
1179 4084 1263 4142 hanc

247 4203 390 4262 Emisse:
416 4203 446 4260 id
471 4218 552 4262 anus
575 4203 652 4261 iecit
676 4201 829 4260 indicium
853 4201 944 4259 mihi.

247 4317 330 4375 Nam
354 4318 391 4375 ut
414 4317 488 4374 hinc
511 4315 593 4374 forte
617 4330 655 4374 ea
679 4315 718 4372 ad
741 4314 948 4372 obstetricem
973 4315 1042 4372 erat
1065 4311 1184 4370 missa:
1209 4309 1263 4369 ubi

1014 4429 1098 4496 [eam
1122 4423 1197 4498 vidi,
1222 4423 1306 4481 illico
