3230 5260
837 677 899 736 146

278 867 367 926 Davo
397 866 504 925 visam
535 864 623 924 senis
653 864 838 938 stultitiam,
864 879 939 923 cum
963 863 1087 924 dubitet
1110 865 1209 925 etiam
1233 867 1455 928 resciturusne

278 979 331 1039 ille
354 979 398 1038 sit
422 995 463 1039 an
486 979 582 1038 non.”

313 1095 374 1154 44.
407 1094 498 1152 Ficta
528 1091 712 1152 narratione
742 1106 855 1150 senem
887 1091 1066 1151 confutavit
1096 1091 1223 1166 Davus;
1255 1093 1309 1153 1116
1340 1095 1455 1153 autem

277 1208 366 1266 solus
389 1206 521 1265 relictus
544 1205 591 1264 sic
614 1218 726 1263 secum
748 1203 835 1276 loqui
858 1202 987 1276 incipit:

410 1319 480 1378 Non
504 1318 633 1393 impulit
655 1333 709 1376 me
732 1317 812 1376 haec
834 1331 920 1378 nunc
943 1317 1074 1377 omnino
1097 1319 1134 1377 ut
1158 1301 1330 1379 crederem.

278 1438 477 1496 Annotatur:
512 1435 597 1494 Non
628 1432 810 1507 impulit]
846 1447 930 1506 ,non
960 1433 1131 1508 persuasit,
1164 1449 1228 1493 non
1258 1434 1392 1508 perfecit
1415 1436 1455 1493 ut

278 1552 441 1611 crederem
465 1549 649 1624 Glycerium
673 1547 867 1623 peperisse.’'
893 1548 999 1607 Immo
1022 1563 1116 1607 vero:
1137 1547 1348 1622 ¹„Glycerium
1373 1545 1454 1608 non

276 1665 471 1739 peperisse.’'
504 1662 549 1723 of.
581 1662 665 1735 quod
695 1661 858 1733 sequitur:
893 1662 949 1735 ,ut
980 1661 1123 1720 crederet
1154 1661 1237 1734 quod
1265 1660 1453 1734 Glycerium

276 1793 340 1837 non
370 1777 580 1852 peperisset.”
613 1775 816 1850 Quamquam
847 1790 887 1834 ne
918 1774 966 1834 sic
996 1775 1126 1848 quidem
1156 1791 1272 1834 verum
1303 1774 1340 1835 fit
1367 1777 1453 1850 quod

276 1893 458 1951 annotatur.
490 1890 600 1948 Davus
631 1888 719 1947 enim
749 1885 825 1946 ficta
855 1903 915 1946 sua
938 1888 1123 1947 narratione
1146 1889 1207 1948 hoc
1231 1889 1391 1962 spectavit
1414 1892 1454 1948 ut

276 2020 377 2064 senex
408 2003 535 2062 credere
566 2003 712 2074 pergeret
742 2002 873 2073 partum
903 2000 996 2059 illum
1022 2001 1161 2074 Glycerii
1185 1999 1298 2060 fictum
1323 2017 1395 2061 esse
1419 2005 1454 2061 et

276 2119 406 2190 insuper
436 2116 496 2174 hoc
526 2114 710 2188 opinaretur
741 2129 805 2172 non
836 2129 855 2172 a
885 2128 920 2172 se
952 2113 1061 2185 (Davo)
1093 2114 1314 2190 Pamphilove,
1347 2116 1404 2174 sed
1432 2131 1452 2174 a

276 2231 422 2304 Glycerio
476 2229 545 2288 sola
597 2227 719 2287 lictum.
767 2228 828 2286 Sed
875 2227 1094 2300 compilatoris
1140 2229 1192 2286 hic
1239 2243 1334 2304 error,
1385 2245 1451 2288 non

277 2344 410 2404 scribae.

284 2571 286 2575 ’
320 2571 378 2648 III,
409 2572 438 2645 5,
473 2571 501 2628 1.
533 2567 745 2627 Ubiillic‘
768 2568 1022 2643 estscelus,
1048 2569 1117 2641 qui
1141 2585 1201 2628 me
1224 2570 1447 2643 perdidit?]

269 2686 347 2762 ,Ad
373 2683 583 2757 intellectum,
608 2697 672 2741 nou
696 2681 735 2740 ad
759 2696 877 2754 genera
900 2682 1024 2756 redegit
1047 2684 1080 2742 61
1104 2685 1155 2744 est
1177 2681 1280 2756 figura
1304 2683 1449 2760 σύλληψις

274 2815 330 2872 per
353 2811 480 2872 genera.
504 2795 675 2868 Virgilius:

551 2947 552 2952 1
653 2908 733 2966 Pars
756 2907 789 2966 in
812 2907 917 2967 frusta
939 2910 1060 2972 secant.

281 3077 286 3094 ,¹
306 3025 381 3083 Sed
411 3025 464 3082 hic
493 3021 596 3096 figura
628 3023 678 3080 est
707 3037 764 3094 per
794 3036 964 3081 numeros:
990 3037 1067 3081 narn
1090 3023 1165 3096 quia
1189 3024 1333 3083 scelus
1368 3039 1446 3082 sce-

274 3138 413 3198 lestus
435 3135 637 3210 intelligitur,
662 3136 758 3194 modo
782 3135 850 3208 qui
874 3135 1051 3211 subiunxit,
1077 3151 1141 3195 non
1164 3137 1301 3210 quod.”

319 3250 474 3326 Quamvis
487 3287 496 3314 2
516 3264 631 3308 sensus
669 3248 786 3307 horum
817 3230 864 3316 sit
897 3250 1094 3325 perspicuus,
1131 3250 1302 3309 confusum
1335 3252 1447 3309 tamen

274 3364 419 3423 scholion
449 3364 590 3435 apparet.
621 3360 691 3419 Duo
722 3360 846 3419 scholia
877 3361 1022 3420 eiusdem
1053 3363 1236 3436 argumenti
1268 3362 1307 3422 ab
1338 3363 1446 3437 inepto

274 3476 483 3551 compilatore
515 3473 738 3535 coniunctione
762 3488 855 3532 narn
878 3474 964 3533 inter
987 3490 1022 3534 se
1047 3475 1268 3549 conglutinata
1291 3476 1445 3549 suspicor.

318 3594 338 3651 3
362 3608 409 3664 sq.
434 3591 554 3650 Secum.
575 3589 622 3647 sic
645 3589 844 3647 lamentatur
867 3588 1072 3662 Pamphilus:
1113 3627 1115 3632 -

534 3703 829 3763 Servon-fortunas
853 3718 945 3762 meas
968 3719 1021 3762 me
1046 3704 1249 3762 commisisse
1273 3704 1380 3764 sutili?

279 3835 281 3842 ’
403 3819 487 3892 Ergo
510 3818 651 3892 pretium
675 3817 714 3876 ob
738 3817 915 3876 stultitiam
938 3819 1015 3878 iero

272 3936 472 3994 annotatur:
502 3932 690 3991 Pretium
714 3932 760 3991 ob
784 3931 1037 4002 stultitiam]
1065 3932 1137 4006 ,Sic
1160 3932 1295 3992 Plautus
1318 3935 1443 3993 locutus

272 4051 338 4107 cst:
363 4047 547 4121 pretium
578 4046 623 4105 ob
655 4045 799 4105 asinos
822 4061 879 4119 pro
903 4047 1067 4105 asinorum
1090 4047 1241 4120 pretium.
1265 4047 1375 4122 Virgil.

280 4175 283 4182 ’
335 4204 337 4208 ,
372 4189 375 4194 ·
405 4161 487 4220 Rem
510 4170 665 4232 magnam
687 4159 891 4232 pretiumque
908 4143 1025 4218 'morae
1048 4158 1124 4218 fore.

279 4288 281 4294 ’
315 4275 356 4333 Et
379 4275 471 4335 alibi:

406 4388 503 4446 iilum
528 4385 666 4460 Tydides
690 4386 752 4448 alio
776 4401 832 4459 pro
857 4386 976 4445 talibus
1000 4387 1089 4446 ausis

316 4545 317 4552 .
405 4501 522 4559 Affecit
544 4499 657 4573 pretio.
