3234 5254
729 654 790 712 201

177 845 230 917 ,et
253 843 313 902 hoc
336 859 381 902 ea
405 858 467 902 rec.
489 843 571 901 est.''
593 843 774 901 Pronomen
795 856 840 899 ea
859 841 1059 914 reciprocum
1079 838 1196 898 dicitur
1215 838 1291 912 quia
1310 838 1350 896 ad

173 958 399 1032 praecedentia
422 959 472 1016 est
495 925 707 1015 referendum.

221 1075 272 1132 77.
309 1072 389 1147 Quid
424 1074 475 1132 est
506 1071 699 1130 narratio
731 1069 998 1129 constituta?
1021 1067 1145 1142 Agitur,
1171 1066 1203 1124 id
1226 1066 1350 1139 quode

173 1186 439 1261 praecedentibus
475 1187 616 1260 apparet,
653 1185 686 1243 in
720 1183 904 1243 narratione
940 1183 978 1241 de
1012 1181 1149 1241 fallaciis
1180 1181 1349 1240 hominum

173 1301 260 1359 inter
293 1315 328 1359 se
364 1299 605 1359 colludentium.
642 1299 744 1372 Igitur
778 1297 949 1370 legendum
985 1310 1057 1354 esse
1091 1295 1236 1369 suspicor
1265 1309 1349 1352 nar-

173 1415 287 1474 ratio
313 1413 557 1474 constituti.

181 1543 183 1546 ·
220 1529 272 1588 82.
305 1528 432 1602 Quum
464 1527 677 1586 tuborum
701 1527 761 1584 nil
784 1524 980 1593 refelles]
1010 1523 1259 1598 „interrogative
1281 1538 1350 1596 pro-

173 1642 390 1700 nuntiandum
422 1625 510 1700 est.”¹
537 1640 605 1715 Qui,
635 1655 764 1714 quaeso,
789 1638 906 1712 aliquis
929 1639 1010 1697 haec
1033 1637 1350 1710 interrogative

173 1757 381 1830 pronuntiare
415 1756 548 1830 potest?
579 1755 658 1814 Pars
689 1753 855 1812 lemmatis
885 1750 990 1826 periit.
1023 1749 1140 1810 Censet
1171 1749 1268 1824 enim,
1294 1751 1350 1809 sed

173 1885 334 1944 perverse,
360 1869 394 1927 in
418 1870 507 1927 istis:

957 1979 1074 2038 Omnia
1096 1979 1177 2038 haec

266 2094 474 2169 Confingam:
498 2095 582 2168 quod
607 2095 668 2154 erit
691 2094 773 2153 mihi
795 2096 916 2154 bonum
940 2096 1037 2166 atque
1057 2094 1273 2169 commodum,

265 2210 370 2285 Quum
394 2213 430 2269 tu
453 2211 570 2268 horum
594 2211 640 2268 nil
663 2209 799 2285 refelles,
824 2210 954 2270 vincam
975 2209 1099 2268 scilicet

174 2324 283 2397 quod
307 2338 378 2382 esse
401 2338 579 2398 pronomen
603 2323 882 2397 interrogativum.

220 2440 273 2498 85.
298 2439 471 2498 Factum
503 2439 584 2513 est,
613 2439 786 2496 ventum
811 2440 884 2513 est,
909 2437 1139 2507 vincimur]
1167 2438 1295 2512 ,brevis
1319 2439 1352 2496 et

176 2551 277 2611 comis
310 2553 484 2611 narratio.”
516 2551 612 2610 Nulla
643 2551 778 2625 cogitari
804 2553 912 2624 potest
936 2552 1067 2611 comis
1090 2552 1241 2611 narratio.
1266 2551 1351 2624 Lege

176 2681 249 2739 ergo
293 2665 468 2740 comica,
510 2681 572 2738 quo
608 2665 767 2724 adiectivo
803 2666 971 2739 aptissime
1005 2665 1200 2724 narrationis
1234 2666 1351 2724 natura

175 2776 384 2852 significatur.

219 3003 243 3076 I,
269 3004 299 3076 3,
328 3004 377 3061 10.
409 3003 503 3078 ,ideo
527 3003 680 3061 insanum
703 3003 749 3062 ait
772 3002 1001 3077 Antiphonem,
1026 3001 1137 3075 quiin
1161 3017 1199 3061 ea
1221 3002 1351 3062 fortuna

174 3116 308 3190 positus,
346 3119 428 3189 quae
464 3116 600 3174 adversa
635 3118 668 3175 et
702 3116 863 3175 contraria
897 3118 948 3174 est
981 3116 1067 3174 idem
1101 3116 1245 3190 patiatur
1267 3115 1351 3188 quod

174 3230 306 3288 miser.”
351 3229 464 3289 Nonne
503 3245 577 3303 ergo
613 3245 726 3288 revera
760 3229 860 3287 miser
895 3230 949 3302 qui
984 3229 1017 3287 in
1051 3228 1181 3289 fortuna
1215 3229 1352 3288 adversa

174 3343 299 3417 positus
330 3344 404 3402 est?
437 3342 477 3401 Et
508 3344 672 3414 quaeest
703 3342 876 3401 fortuna
907 3343 1148 3402 contraria?
1178 3342 1247 3403 Duo
1271 3343 1352 3401 vitia

174 3471 239 3515 una
252 3455 447 3515 correctione
461 3455 647 3515 emendabis
659 3455 793 3529 legendo
810 3456 1016 3514 adversae
1032 3472 1088 3529 pro
1105 3456 1285 3515 adversa
1301 3456 1349 3514 et.

222 3572 272 3630 13.
318 3571 544 3645 ,Opportunus
578 3571 667 3630 locus
702 3570 735 3628 in
770 3586 831 3642 quo
866 3571 1063 3645 ostendatur,
1100 3586 1198 3643 quam
1233 3586 1351 3644 magno

175 3700 285 3744 amore
305 3685 349 3744 sit
369 3699 541 3758 possessus
560 3685 727 3759 Phaedria,
747 3684 797 3744 cui
809 3700 867 3758 par
879 3685 1076 3759 impenditur
1088 3686 1349 3759 argumentum.”

174 3767 300 3857 Ultima
331 3799 411 3858 haec
435 3799 501 3857 cui
524 3813 597 3873 par
620 3798 884 3873 impenditur
907 3801 1201 3872 argumentum
1226 3814 1349 3872 corrup·

175 3911 306 3970 tissima
329 3913 488 3986 videntur,
514 3913 571 3970 sed
595 3914 706 3986 aptam
730 3913 962 3996 correctionem
986 3928 1050 3973 non
1074 3913 1217 3972 invenio.

220 4138 243 4213 l,
277 4139 306 4212 4,
342 4139 393 4196 21.
434 4139 585 4212 „Propria
616 4141 648 4198 et
679 4154 739 4198 sua
770 4140 883 4212 cuique
910 4154 1066 4212 personae
1091 4138 1245 4212 exhibuit,
1273 4138 1350 4197 cele-

175 4251 307 4309 ritatem
340 4267 381 4310 ex
409 4253 577 4325 praesagio
605 4254 765 4311 metuenti
788 4253 966 4344 Antiphoni
993 4253 1025 4311 et
1047 4253 1236 4311 tarditatem
1260 4253 1309 4310 int
1329 4252 1350 4310 l-

175 4365 279 4423 lectus
321 4367 421 4437 quieti
462 4367 601 4440 pectoris
644 4382 757 4426 securo
799 4368 1007 4427 Phaedriae.'’
1052 4368 1161 4426 Insere
1203 4369 1243 4426 et
1277 4371 1350 4441 post

175 4479 380 4551 pectoris
