3234 5254
773 622 836 680 219

213 809 273 868 hoc
297 823 369 867 esse
392 807 534 866 Terentii
557 806 741 867 artificium.
766 807 935 866 Postremo
957 807 1031 865 vide
1055 822 1137 879 quae
1164 808 1202 865 de
1225 821 1312 880 sene,
1338 805 1388 865 cui

213 923 298 996 apud
328 921 515 980 Terentium
546 921 682 996 nullum,
715 921 798 994 apud
829 920 1039 979 Menandrum
1071 919 1160 979 Simo
1184 936 1303 980 nomen
1327 923 1387 996 est,

113 1034 780 1110 ·ommmmmun

258 1262 295 1321 In
314 1263 480 1322 Menandri
499 1249 705 1335 Adelphis
725 1277 790 1321 non
809 1261 900 1320 venit
920 1262 954 1320 in
974 1276 1107 1320 scenam
1127 1261 1315 1322 adolescens
1335 1263 1389 1335 qui

212 1376 320 1435 lenoni
352 1377 469 1450 eripuit
495 1377 711 1436 meretricem.
737 1377 819 1435 Eum
844 1375 1014 1434 Terentius
1037 1376 1206 1435 transtulit
1229 1391 1246 1436 e
1269 1376 1389 1451 Diphili

213 1491 388 1566 comoedia,
414 1491 465 1551 cui
488 1491 603 1550 titulus
628 1489 939 1566 συναποθνήσκοντες.

256 1602 392 1664 Leviora
415 1605 455 1664 ad
479 1605 616 1664 eandem
640 1605 784 1664 fabulam
808 1604 1003 1678 pertinentia
1026 1618 1069 1662 ex
1092 1605 1153 1663 hoc
1173 1619 1290 1678 genere
1310 1606 1390 1665 haec

212 1716 312 1775 tradii-
350 1717 539 1794 Scholiasta,
577 1732 658 1791 quae
693 1720 806 1777 tamen
840 1718 874 1777 in
908 1732 1011 1776 unum
1046 1717 1218 1776 coniuncta
1253 1718 1389 1777 minime

212 1831 290 1888 sunt
313 1831 511 1904 spernenda:

256 1944 280 2020 I,
303 1945 332 2020 2,
357 1946 384 2005 1.
406 1945 511 2005 Schol.
532 1945 655 2005 Ehem
680 1947 926 2019 opportune]
944 1945 1192 2020 ,meliusquam
1206 1944 1388 2027 Menander,

212 2073 287 2117 cum
307 2059 360 2118 hic
379 2058 472 2118 iMum
492 2061 532 2118 ad
552 2060 693 2133 iurgium
713 2059 946 2134 promptiorem
966 2074 1064 2131 quam
1085 2059 1125 2118 ad
1144 2058 1390 2118 resalutandum

211 2170 341 2231 iaciat.”
366 2173 459 2245 Apud
483 2173 695 2232 Menandrum
719 2189 795 2246 ergo
818 2173 940 2231 Demea
962 2172 1131 2232 resalutat.

258 2285 298 2360 ΙΙ,
317 2284 347 2359 4,
364 2285 414 2344 11.
429 2284 533 2344 Schol.
548 2285 588 2344 ad
607 2301 710 2358 pene
731 2301 748 2344 e
767 2286 909 2359 patria
930 2287 1083 2344 annotat:
1101 2286 1294 2360 ,Menander
1305 2287 1391 2346 mori

213 2412 288 2456 eum
325 2396 575 2472 (Ctesiphonem)
611 2399 755 2459 voluisse
789 2398 892 2474 fingit,
929 2399 1098 2458 Terentius
1133 2399 1280 2473 fugere,”
1316 2399 1390 2459 vide

212 2512 309 2570 huius
332 2511 405 2570 libri
428 2529 458 2586 p.
485 2513 537 2572 84.

255 2624 312 2700 ΙΙΙ,
349 2626 378 2700 2,
412 2627 463 2685 54.
496 2626 590 2700 Apud
621 2627 809 2686 Terentium
841 2627 953 2702 Hegio,
987 2627 1078 2687 cuius
1110 2641 1204 2700 opem
1236 2625 1390 2699 implorat

212 2739 368 2814 Sostrata,
401 2739 590 2813 Pamphilae
622 2741 737 2815 mater,
771 2741 937 2800 Sostratae
962 2742 1128 2815 cognatus,
1154 2740 1238 2812 apud
1262 2739 1389 2798 Menan-

211 2851 305 2910 drum
347 2853 493 2911 eiusdem
527 2852 627 2912 irater
663 2855 722 2912 est.
759 2854 853 2913 Haud
888 2853 926 2912 de
961 2853 1062 2911 nihilo
1097 2853 1159 2912 hoc
1194 2852 1390 2910 immutasse

211 2965 380 3024 Terentius
415 2966 552 3025 videtur.
585 2965 714 3025 Etenim
745 2966 847 3039 Hegio
880 2965 1063 3040 depingitur
1087 2967 1257 3038 tamquam
1281 2980 1388 3023 exem-

210 3077 301 3152 plum
331 3077 518 3152 probitatis:
544 3093 563 3137 a
585 3078 685 3138 fratre
709 3080 821 3138 autem
845 3078 1005 3138 auxilium
1029 3079 1105 3138 ferri
1128 3077 1231 3137 sorori
1256 3077 1389 3151 eiusque

210 3189 305 3267 filiae,
341 3191 457 3265 quibus
492 3191 606 3266 ingens
641 3194 692 3251 est
725 3192 817 3252 illata
851 3191 976 3268 iniuria,
1013 3193 1150 3251 minime
1184 3192 1388 3251 mirandum:

212 3305 371 3364 eiusmodi
393 3303 586 3364 fidelitatem
609 3305 643 3363 in
667 3307 803 3379 cognato
826 3306 1000 3365 remotiore
1024 3306 1196 3365 laudamus
1219 3305 1335 3379 magis.

255 3418 292 3493 V,
329 3419 359 3494 8,
399 3417 449 3477 15.
488 3418 600 3492 ,Apud
635 3418 867 3477 Menandrum”
905 3418 1086 3502 Scholiasta
1118 3419 1164 3478 ait
1199 3433 1321 3493 ,senex
1351 3418 1390 3477 de

211 3533 333 3608 nuptiis
356 3548 420 3593 non
443 3534 629 3607 gravatur.”
653 3533 736 3606 Ergo
759 3533 926 3593 Menandri
948 3532 1085 3593 lectdres
1108 3533 1310 3607 lepidissima
1334 3532 1390 3591 illa

211 3647 437 3722 disputatione,
470 3661 542 3721 qua,
574 3647 716 3705 multum
747 3646 899 3721 luctatus,
932 3647 1025 3706 Micio
1056 3647 1188 3706 tandem
1217 3646 1388 3719 aliquando

211 3775 249 3819 eo
268 3760 437 3820 adducitur
455 3761 493 3819 ut
512 3760 694 3820 Sostratam
714 3776 814 3819 anum
830 3761 935 3836 ducat,
950 3763 1131 3820 caruerunt.
1145 3761 1252 3833 Atque
1265 3757 1389 3819 omissa

210 3872 266 3931 illa
296 3874 513 3947 disputatione
544 3874 633 3932 totus
663 3873 754 3933 locus
780 3872 818 3932 fit
841 3874 1112 3934 absurdissimus:
1137 3875 1274 3933 naturae
1298 3871 1386 3930 enim

212 3988 409 4047 contrarium
447 3988 498 4048 est
535 3989 642 4062 ipsum
682 3988 853 4048 Micionem
895 3989 1010 4048 statim
1049 3989 1183 4063 probare
1218 3986 1388 4046 ridiculam

211 4116 349 4175 poenam
373 4117 392 4160 a
414 4102 514 4161 fratre
538 4101 767 4175 excogitatam.

256 4327 429 4401 Hecyra.
459 4327 581 4387 Schol:
609 4343 712 4402 ,novo
735 4343 852 4401 genere
878 4328 932 4388 hic
954 4330 1090 4400 utraque
1114 4324 1273 4404 προτατικὰ
1298 4326 1389 4404 πρόσ-

213 4461 279 4498 ωπα
310 4441 515 4500 inducuntur.
547 4440 631 4499 Nam
663 4442 695 4499 et
725 4440 862 4500 Philotis
893 4442 925 4501 et
953 4441 1034 4514 Syra
1065 4456 1129 4500 non
1159 4439 1322 4514 pertinent
1349 4441 1389 4499 ad
