3254 5274
802 641 844 702 53

232 832 424 907 emerim,
456 831 540 904 quod
570 832 622 890 vel
653 831 723 890 ideo
755 832 852 905 probo
876 831 1029 904 quoniam
1053 832 1150 906 quid
1174 833 1263 906 egi?
1286 835 1410 892 certam

231 947 297 1005 sibi
330 946 428 1005 habet
457 944 738 1020 significationem,
764 959 862 1019 quam
886 959 905 1004 a
929 944 1052 1004 comico
1077 945 1232 1005 intortam
1257 959 1329 1005 esse
1352 947 1409 1005 vix

232 1060 433 1120 crediderim.
466 1058 559 1118 Certe
594 1059 701 1133 inepte
736 1059 904 1132 vulgatam
941 1059 1083 1119 defendit
1117 1059 1171 1132 qut
1205 1059 1246 1118 ad
1279 1060 1409 1120 Phorm.

231 1190 283 1233 vs,
309 1175 372 1233 980
399 1173 493 1246 „quid
517 1188 614 1246 agam
638 1187 713 1231 cum
736 1169 790 1231 illo
814 1172 923 1232 nescio
947 1173 1099 1246 prorsus''
1124 1175 1286 1247 provocat.

279 1288 460 1360 Interrogat
483 1287 650 1346 hominem
673 1285 839 1362 Phaedria,
865 1288 898 1345 et
918 1285 971 1345 ille
992 1301 1011 1346 a
1031 1287 1189 1345 Phaedria
1208 1301 1243 1345 se
1264 1290 1409 1361 emptum

232 1401 389 1474 agnoscit.
423 1401 484 1459 Sed
515 1415 602 1474 mox,
636 1400 845 1473 permittente
869 1398 1035 1473 Phaedria
1061 1399 1279 1474 interrogandi
1301 1403 1410 1475 partes
1475 1373 1477 1378 ,

231 1513 370 1588 suscipit
393 1514 537 1589 Pythias,
563 1514 614 1573 his
639 1513 746 1572 verbis
772 1517 830 1582 (vs
857 1513 951 1583 692lz

669 1627 788 1686 venisti
811 1627 905 1686 hodie
930 1627 970 1686 ad
994 1628 1077 1686 nos?
1100 1629 1207 1700 negat.

279 1743 445 1816 Sequitur:
492 1743 536 1801 At
559 1741 612 1801 ille
636 1742 718 1801 alter
740 1743 831 1801 venit
854 1755 956 1801 annos
980 1743 1077 1801 natus
1100 1742 1271 1801 sedecim:-

493 1856 594 1931 Quem
618 1871 730 1915 secum
753 1857 889 1915 adduxit
911 1856 1079 1915 Parmeno.

232 1970 312 2044 Quis
331 1970 384 2028 hic
403 1970 568 2044 loquitur?
587 1970 790 2043 Pythiasne?
809 1970 854 2029 At
869 1970 945 2043 quid
957 1969 1004 2028 illi
1018 1983 1098 2043 opus
1111 1971 1162 2028 est
1173 1970 1410 2029 Parmenonem

233 2084 426 2143 nominare?
449 2083 568 2143 Totum
591 2083 678 2142 istud
698 2099 817 2157 quem
840 2097 983 2143 secum
1007 2078 1187 2142 adduxit
1206 2084 1410 2142 Parmeno

232 2197 361 2272 egregie
402 2198 556 2257 Eunucho
591 2199 750 2273 convenit,
787 2199 842 2272 qui
876 2200 995 2272 putans
1030 2199 1266 2257 Parmenonem
1302 2198 1409 2257 solum

231 2312 409 2370 venturum
428 2312 466 2369 ut
484 2325 519 2369 se
539 2312 726 2385 arcesseret,
748 2326 812 2369 non
835 2310 1037 2384 intelligebat
1057 2326 1113 2369 cur
1132 2307 1409 2370 adolescentulum

233 2439 378 2484 secum
410 2423 648 2483 adduceret.
681 2425 732 2482 An
763 2421 833 2483 fleri
864 2440 928 2484 non
958 2425 1065 2498 potuit
1090 2425 1127 2484 ut
1151 2424 1325 2484 Eunuchus
1348 2425 1408 2499 pri·

232 2554 328 2597 mum
352 2537 456 2611 capite
479 2537 642 2612 abnueret,
668 2537 790 2612 deinde,
812 2539 985 2612 postquam
1005 2535 1141 2611 Pythias
1161 2537 1244 2597 dixit
1263 2540 1407 2613 negat,

230 2652 319 2710 ultro
350 2650 498 2710 adderet:
534 2652 597 2724 „at
628 2651 703 2710 ille
727 2651 839 2710 alter
863 2685 903 2694 —
928 2652 1178 2711 Parmeno''?
1201 2651 1308 2710 Etiam
1328 2667 1410 2724 quae

230 2781 283 2824 vs.
309 2765 372 2824 702
396 2764 565 2838 leguntur:

345 2878 450 2936 Meam
474 2878 542 2951 ipse
565 2878 685 2938 induit:
710 2880 784 2952 post
806 2893 872 2937 una
895 2877 990 2937 ambo
1014 2877 1162 2936 abierunt
1185 2877 1272 2936 foras

278 2991 451 3050 Eunuchus
497 2990 574 3054 dicit
618 3007 683 3051 non
724 2993 866 3065 rogatus,
913 2991 954 3050 Et
994 2991 1112 3050 melius
1154 2991 1267 3050 deinde
1310 2992 1409 3050 verba

231 3104 310 3175 (694
328 3107 425 3177 sqq.);

801 3219 939 3292 agedum
962 3220 1023 3277 hoc
1046 3219 1091 3277 mi
1116 3217 1230 3292 expedi

321 3332 485 3391 Primum:
510 3333 609 3391 istam
633 3348 731 3407 quarn
755 3332 854 3392 habes
877 3333 962 3392 unde
981 3332 1081 3392 habes
1100 3333 1251 3391 vestem?
1272 3332 1385 3390 taces?

323 3446 503 3505 Monstrum
526 3445 668 3505 hominis
691 3461 756 3505 non
778 3446 957 3504 dicturu's?

231 3559 385 3632 Pythiadi
414 3559 583 3618 dabuntur.
615 3559 699 3617 Tum
730 3559 921 3617 Eunuchus:
953 3557 1069 3632 „Venit
1092 3557 1265 3633 Chaerea‚”
1295 3559 1327 3617 et
1354 3557 1409 3616 illo

231 3675 367 3734 demum
397 3674 529 3734 nomine
559 3674 668 3733 audito
692 3688 804 3733 rursus
827 3674 985 3733 Phaedria
1007 3689 1120 3747 rogare
1144 3673 1264 3748 incipit.
1291 3673 1410 3748 Quodsi

232 3790 321 3848 recte
351 3788 390 3847 de
420 3801 468 3847 vs.
495 3789 558 3847 693
583 3803 630 3862 sq.
655 3788 785 3863 conieci,
810 3787 913 3861 lepide
936 3787 1119 3862 Eunuchus
1147 3788 1409 3861 quamprimum

236 3903 350 3976 „illum
381 3902 541 3962 alterum”
571 3901 662 3977 dixit,
687 3917 772 3960 nunc
795 3901 895 3960 minis
919 3903 1049 3960 coactus
1073 3917 1131 3961 suo
1155 3902 1286 3960 nomine
1310 3900 1408 3959 Chae·

233 4031 325 4078 ream
357 4016 506 4090 appellat.
538 4016 578 4075 Et
609 4016 692 4088 quod
723 4016 763 4074 ad
795 4015 886 4074 illam
917 4015 1133 4075 coniecturam
1163 4015 1311 4088 pertinet,
1336 4013 1409 4072 vide

233 4146 284 4189 vs.
318 4129 398 4189 702:
434 4131 527 4204 „post
556 4145 621 4189 una
652 4129 747 4189 ambo
778 4129 925 4188 abierunt
948 4129 1067 4188 foras''
1092 4129 1193 4188 Audis
1217 4127 1410 4186 Eunuchum

235 4258 312 4303 oum
342 4243 472 4316 stupida
502 4243 641 4315 quadarn
665 4243 878 4301 admiratione
902 4243 1089 4301 narrantem
1112 4241 1150 4300 de
1174 4251 1208 4300 re
1231 4240 1325 4314 plane
1348 4240 1409 4298 sibi

235 4357 381 4416 obscura.

282 4470 396 4529 Metuit
427 4471 537 4529 autern
560 4470 717 4530 Phaedria
740 4485 780 4528 ne
804 4469 925 4527 veritas
949 4484 968 4528 a
991 4468 1112 4527 Thaide
1135 4467 1187 4527 vel
1211 4483 1230 4526 a
1252 4465 1409 4540 Pythiade
