3230 5260
590 697 593 702 Δ
713 673 773 730 111

158 877 265 922 remus
299 860 587 936 prudentissimam
622 859 821 920 Scholiastae
856 858 896 917 ad
926 858 1041 918 verba:
1073 858 1171 932 quin
1201 860 1245 918 tu
1275 859 1329 918 mi

159 980 378 1053 argentum
421 978 519 1038 cedo
561 975 822 1035 annotationem:
868 974 957 1047 „Hoc
999 974 1038 1034 ab
1079 976 1216 1046 utroque
1254 989 1329 1033 cum

159 1092 296 1151 clamore
320 1092 382 1150 dici
405 1090 627 1164 accipiendum
651 1090 733 1148 est.”

202 1205 259 1280 ,In
282 1205 333 1264 ius
355 1202 507 1263 ambula”
528 1204 574 1261 ait
592 1202 760 1277 Demipho,
781 1217 879 1275 quem
898 1202 1007 1260 minae
1027 1200 1231 1261 Phormionis
1250 1202 1329 1260 adeo

157 1335 219 1378 non
249 1320 372 1378 terrent
398 1320 436 1376 ut
459 1318 516 1376 vix
540 1317 614 1390 quid
638 1316 700 1375 sibi
722 1315 825 1375 velint
847 1316 1016 1389 intelligat.
1042 1316 1155 1388 Itaque
1178 1315 1329 1374 Phormio

156 1433 192 1491 ut
214 1432 313 1492 simul
337 1433 464 1505 utrique
488 1433 615 1490 metum
639 1430 792 1490 incutiat:

288 1545 383 1605 Enim
406 1561 483 1604 vero
505 1545 535 1603 si
557 1559 650 1618 porro
674 1544 776 1603 odiosi
800 1559 872 1603 esse
894 1545 1081 1620 pergitis..,

156 1660 279 1720 iterum
313 1659 366 1718 hic
400 1658 519 1731 aliquid
555 1657 727 1732 adscripsit
762 1657 943 1717 Scholiasta
974 1658 1133 1717 eiusmodi
1163 1660 1201 1716 ut
1223 1658 1330 1732 gregis

156 1773 313 1847 magistro
326 1772 464 1831 similior
475 1772 623 1831 videatur
636 1787 734 1844 quam
747 1771 843 1830 alicui
856 1771 1003 1845 devulgo
1016 1772 1328 1831 commentatorum:

202 1887 322 1962 „Vultu
345 1886 523 1946 iuvandum
547 1886 597 1944 est
620 1886 653 1943 et
676 1884 936 1959 pronuntiatione
957 1885 1017 1944 hoc
1037 1885 1120 1958 quod
1139 1886 1209 1943 tam
1228 1885 1329 1943 mina-

156 2001 235 2059 citer
258 1999 496 2075 suspenditur.”
520 1999 560 2058 Et

225 2113 468 2189 „Enimvero
488 2112 681 2187 principium
701 2115 752 2172 est
767 2112 887 2185 aliquid
899 2127 955 2186 per
967 2112 1167 2172 iracundiam
1182 2112 1330 2171 dicturi.”

157 2228 218 2287 811
242 2230 281 2287 de
303 2229 365 2286 hac
387 2229 479 2302 parte
504 2226 585 2286 satis
609 2226 675 2285 iam
699 2225 777 2285 dixi.

647 2438 842 2445 ———

201 2575 302 2651 Saepe
322 2578 501 2649 queruntur
512 2575 661 2636 homines
674 2575 757 2648 quod
770 2574 952 2634 Scholiasta
964 2573 1176 2636 Terentianus
1188 2577 1331 2636 nondum

156 2689 202 2748 ita
221 2693 258 2749 ut
277 2691 424 2764 oporteat
443 2689 476 2748 in
496 2689 603 2749 lucem
623 2688 667 2746 sit
688 2688 802 2747 editus.
824 2689 895 2747 Non
915 2690 965 2748 est
984 2692 1096 2749 tamen
1115 2693 1185 2750 tam
1205 2689 1331 2749 difficile

157 2803 331 2862 editionem
366 2803 436 2861 eius
466 2817 579 2876 parare
611 2801 761 2861 omnibus
792 2803 937 2861 numeris
969 2802 1161 2863 absolutam.
1195 2803 1228 2861 81
1259 2803 1332 2876 quis

157 2917 273 2976 ceteris
293 2915 443 2976 omnibus
463 2916 597 2974 abiectis
610 2931 666 2974 eas
678 2916 905 2975 tantummodo
918 2915 1083 2990 colligeret
1095 2917 1329 2991 annotationes,

156 3030 238 3105 quae
258 3030 364 3103 aliquo
384 3030 480 3088 modo
500 3030 539 3088 ad
559 3045 629 3088 rem
649 3029 812 3088 scenicam
833 3029 1040 3105 pertinerent,
1063 3045 1118 3089 eas
1134 3030 1203 3088 dico
1216 3029 1332 3102 quibus

155 3143 326 3204 Terentius
353 3144 399 3202 ita
422 3142 616 3217 explanatur
638 3145 675 3202 ut
698 3158 852 3217 personas
876 3144 946 3203 eius
969 3143 1137 3216 loquentes
1161 3144 1332 3203 audiamus

155 3260 331 3333 gestusque
352 3272 464 3316 earum
484 3258 690 3331 aspiciamus,
711 3256 792 3315 nihil
812 3257 878 3315 iam
892 3257 1032 3331 amplius
1045 3260 1132 3317 esset
1144 3260 1331 3331 optandum.

155 3374 263 3446 Atque
294 3372 387 3431 facile
418 3372 469 3429 est
499 3369 572 3428 illas
604 3371 793 3430 emendatas
825 3371 981 3430 subiicere
1012 3372 1190 3445 legentium
1221 3373 1331 3433 oculis

156 3487 313 3562 Quamvis
348 3486 435 3544 enim
470 3484 574 3542 multa
609 3485 642 3542 in
669 3485 709 3543 iis
740 3485 807 3543 sint
838 3487 996 3560 corrupta,
1029 3487 1140 3545 tamen
1171 3488 1334 3546 sententia

156 3600 316 3674 perlucet;
348 3599 439 3658 illam
470 3598 558 3657 nullo
589 3599 697 3657 labore
728 3598 957 3671 restituemus;
989 3599 1060 3673 ipsa
1090 3599 1247 3659 vocabula
1268 3616 1333 3659 non

156 3712 411 3787 praestabimus;
444 3727 516 3771 raro
547 3712 608 3771 hoc
638 3712 742 3771 111111
773 3727 947 3786 possumus
979 3715 1075 3785 atque
1105 3714 1139 3773 in
1170 3715 1234 3773 illis
1264 3717 1333 3774 tan-

157 3828 325 3887 tummodo
357 3828 645 3901 emendationibus,
678 3842 759 3901 quae
790 3843 825 3886 se
852 3828 944 3888 nobis
968 3828 1014 3886 nil
1038 3829 1262 3904 cogitantibus,
1288 3830 1333 3888 nil

159 3942 386 4015 quaerentibus
420 3941 526 4001 subito
558 3941 713 4015 offerunt;
746 3942 827 4001 nihil
857 3942 910 4002 hic
939 3942 1017 4002 facit
1048 3942 1206 4003 industria
1237 3945 1333 4016 atque

158 4056 323 4130 improbus
342 4055 441 4114 labor.
462 4055 507 4114 Ut
526 4070 601 4129 ergo
621 4070 734 4114 revera
753 4055 881 4131 bonam,
903 4056 934 4114 id
955 4057 1005 4114 est
1016 4057 1141 4133 utilem,
1155 4056 1333 4116 habeamus

159 4170 357 4230 Scholiastae
377 4169 551 4228 editionem
575 4184 639 4227 non
664 4170 919 4242 exspectandum
941 4171 991 4228 est
1010 4171 1110 4229 donec
1130 4185 1243 4229 omnes
1264 4171 1333 4229 eius

160 4285 283 4343 codices
304 4298 378 4343 cum
397 4283 576 4358 pulvisculo
597 4282 664 4340 sint
683 4283 813 4342 excussi
832 4285 929 4356 atque
947 4283 1044 4358 longa
1062 4283 1192 4342 illorum
1208 4284 1334 4358 depicta

159 4399 345 4473 stemmata,
379 4413 396 4456 e
427 4396 543 4470 quibus
570 4396 729 4468 quomodo
752 4411 772 4455 a
795 4397 961 4455 communi
984 4397 1084 4471 stirpe
1107 4398 1169 4457 orti
1192 4397 1259 4456 sint
1282 4412 1332 4471 ap-

160 4514 286 4585 pareat:
322 4527 479 4586 magnum
515 4526 556 4570 ex
590 4511 650 4570 hoc
684 4510 813 4584 negotio
845 4511 949 4585 capiet
980 4513 1247 4588 emolumentum,
1279 4513 1334 4586 qui
