3254 5274
773 621 814 680 58

230 808 360 868 Thais.”
391 807 541 883 Egregie;
574 823 651 867 nam
683 807 730 867 sic
757 807 878 882 optime
902 806 1081 882 explicatur
1104 807 1257 886 etquid
1281 810 1345 867 est
1369 809 1402 868 et

229 921 319 982 hem
343 938 437 982 suam
461 921 522 982 sibi
545 921 614 981 vim
637 920 770 981 obtinet.

274 1036 391 1097 Addito
415 1038 524 1096 autem
550 1039 608 1106 (vs.
635 1036 727 1105 749):

317 1150 409 1210 Hanc
428 1149 487 1209 tibi
499 1150 581 1209 dono
593 1149 633 1208 dc
645 1164 748 1222 neque
760 1151 869 1223 repeto
881 1163 938 1222 pro
951 1147 1007 1208 illa
1019 1147 1191 1222 quicquam
1204 1148 1305 1208 abste
1317 1149 1401 1223 preti

229 1263 327 1323 Thais
358 1278 470 1323 securo
501 1262 567 1322 iam
599 1261 795 1322 adolescenti
826 1261 990 1321 rusticano
1014 1260 1168 1335 exprimit
1191 1261 1275 1334 grati
1299 1261 1400 1321 animi

228 1376 474 1438 confessionem.

320 1491 382 1565 ,At
406 1489 514 1550 enim’'
540 1488 597 1559 (ait
620 1505 668 1549 vs.
702 1490 763 1550 751
790 1493 848 1562 sq.)
874 1504 961 1564 cave,
987 1504 1027 1547 ne
1050 1488 1139 1563 prius
1159 1504 1257 1562 quam
1277 1489 1359 1548 hanc
1379 1505 1399 1548 a

761 1605 825 1672 [me
849 1601 989 1677 accipias
1012 1601 1156 1677 amittae,
1182 1601 1351 1662 Chremes:

315 1717 397 1776 Nam
422 1717 511 1782 haee,
525 1718 605 1792 east,
631 1731 728 1789 quam
751 1715 847 1776 miles
871 1732 890 1776 a
908 1732 962 1776 me
981 1716 1015 1774 vi
1034 1731 1120 1776 nunc
1139 1718 1286 1790 ereptum
1298 1715 1397 1776 venit.

227 1831 275 1890 Ex
317 1830 368 1890 his
406 1827 557 1890 conficias
592 1831 689 1890 antea
723 1829 767 1899 (in
802 1845 901 1890 coena
935 1830 1018 1904 apud
1052 1829 1204 1899 militem)
1239 1829 1398 1889 nihildum

227 1944 390 2004 Chremeti
421 1943 544 2003 dixisse
575 1945 614 2003 de
645 1959 753 2003 sorore
785 1943 918 2003 inventa
945 1942 1110 2002 Thaidem.
1136 1943 1197 2002 Sed
1220 1942 1294 2002 vide
1317 1958 1399 2017 quae

227 2058 266 2118 ad
290 2074 338 2118 vs.
363 2058 428 2119 620
452 2073 499 2132 sq.
525 2056 763 2116 annotavimus

271 2172 354 2231 Tum
374 2171 567 2245 Pythiadem
587 2171 676 2230 iubet
695 2171 790 2230 domo
811 2170 924 2230 efferre
943 2185 996 2230 res
1015 2167 1089 2248 πρὸς
1108 2166 1159 2228 τὸν
1171 2165 1397 2247 ἀναγνωρισμόυ

226 2284 435 2346 necessarias.
469 2285 652 2358 Sequuntur
675 2300 790 2344 versus
813 2285 875 2344 duc
899 2285 974 2354 (754
999 2288 1057 2358 sq.)
1081 2283 1169 2344 vitae
1192 2281 1278 2358 pleni
1302 2284 1398 2356 atque

226 2398 370 2472 integrae
404 2414 520 2458 scenae
554 2398 673 2457 instar:
710 2397 865 2458 Chremes
898 2397 1039 2458 militem
1070 2396 1267 2472 reformidat,
1300 2395 1398 2455 Thais

225 2511 344 2571 metuit
366 2527 407 2571 ne
431 2526 495 2571 nen
514 2511 548 2571 in
567 2513 712 2586 tempore
733 2510 925 2585 aPythiade
945 2509 1108 2572 Chremeti
1128 2511 1297 2570 tradantur
1312 2525 1396 2584 „me-

225 2627 413 2701 numenta,'’
446 2625 561 2699 quibus
591 2601 735 2684 sororem
766 2641 860 2685 suam
886 2641 957 2684 esse
980 2625 1180 2698 liberamque
1204 2641 1277 2684 eam
1301 2639 1398 2698 quam

224 2739 321 2799 miles
349 2739 488 2814 petitum
511 2739 602 2799 venit
625 2740 835 2799 demonstret.
862 2740 993 2814 „Atat”
1018 2739 1078 2798 hoc
1101 2739 1199 2798 verbo
1223 2755 1259 2798 se
1282 2737 1398 2798 timere

225 2853 380 2913 Chremes
403 2826 544 2913 indicare
568 2853 689 2929 incipit,
714 2869 829 2912 verum
852 2854 978 2912 metum
1003 2852 1107 2911 celare
1131 2851 1249 2911 studet.
1273 2851 1397 2927 „Atque

224 2966 271 3026 ita
301 2982 381 3041 opus
411 2968 482 3027 est’'
514 2966 613 3026 Thais
636 2966 682 3027 ait
706 2971 848 3041 (nempe:
875 2967 907 3026 te
934 2965 1024 3025 omni
1046 2967 1138 3025 metu
1162 2970 1290 3036 carere).
1314 2964 1397 3024 Tum

156 3135 160 3140 .
224 3079 395 3142 Chremes:
419 3082 489 3158 ,ah,
511 3083 622 3142 metuo
641 3081 770 3156 qualem
790 3084 826 3141 tu
849 3096 903 3140 me
919 3094 991 3140 esse
1003 3079 1169 3139 hominem
1183 3079 1395 3140 existumes”

223 3194 265 3253 Et
287 3193 385 3254 Thais
410 3198 468 3264 (vs
495 3196 587 3266 759):

313 3308 420 3368 Immo
439 3309 500 3370 hoc
520 3308 676 3383 cogitato:
699 3308 830 3382 quicum
850 3325 902 3368 res
921 3307 1022 3384 tibist,
1043 3307 1232 3384 peregrinus
1251 3312 1318 3369 est:

312 3421 418 3481 Minus
442 3424 556 3497 potens
580 3438 677 3496 quern
701 3424 746 3498 tu,
768 3421 877 3482 minus
897 3423 1003 3498 notuS,
1024 3422 1134 3483 minus
1153 3422 1398 3482 amicorumhic

1207 3538 1350 3608 [habens.

223 3648 313 3708 Haec
343 3649 463 3723 legenti
494 3664 558 3708 non
588 3649 739 3708 videntur
763 3649 933 3709 cohaerere
964 3665 1037 3709 cum
1064 3651 1337 3726 praecedentibus,
1362 3654 1397 3711 at

223 3762 391 3838 spectanti,
420 3764 457 3822 ut
487 3763 607 3837 opinor,
639 3761 712 3822 visa
742 3764 828 3821 sunt.
857 3762 889 3821 Is
913 3762 1001 3821 enim
1025 3761 1206 3822 Chremetis
1230 3767 1323 3824 actus
1344 3780 1395 3839 ge·

223 3878 356 3950 stusque
379 3876 441 3936 fuit
464 3875 518 3949 qui
541 3875 678 3935 minime
703 3875 840 3936 fortibus
864 3875 933 3935 eius
956 3875 1064 3934 verbis
1087 3878 1303 3951 responderet.

267 3992 390 4052 Mavult
413 3989 520 4051 rixam
545 3992 773 4064 certamenque
796 3989 900 4048 vitare
923 3988 1095 4049 Chremes:

312 4104 382 4164 Scio
406 4105 491 4164 istuc
515 4103 572 4174 (ait
594 4119 642 4163 vs.
669 4103 731 4163 761
757 4107 825 4178 sq),
851 4103 907 4162 sed
930 4104 966 4163 tu
990 4104 1074 4177 quod
1097 4119 1210 4163 cavere
1234 4103 1339 4178 possis

1004 4218 1154 4287 [stultum
1178 4217 1391 4277 admitterest.

222 4329 284 4390 Hic
314 4332 357 4390 tu
388 4329 550 4406 significat
574 4346 672 4404 quam
696 4331 825 4405 sapiens
848 4330 950 4390 videri
974 4331 1082 4405 cupiat
1105 4330 1159 4404 qui
1182 4330 1225 4388 sit
1248 4330 1391 4390 timidus

266 4443 330 4504 Vix
372 4446 611 4507 adolescentem
653 4445 790 4505 abeundi
829 4447 1018 4520 praetextus
1053 4445 1261 4521 quaerentem
1296 4443 1394 4504 Thais
