3230 5260
850 645 912 703 140

291 825 409 886 timent
442 828 580 888 moleste
614 831 755 890 accurati
791 846 862 890 esse
893 830 999 890 solent
1030 832 1062 889 et
1093 831 1202 890 omnia
1233 831 1315 890 scire
1340 831 1456 891 volunt.

338 939 450 1014 „Vidi”
475 941 584 1002 Davus
608 946 719 1003 narrat
744 945 795 1018 „id
816 945 899 1017 quod
918 944 1060 1017 profecto
1081 944 1274 1003 documento
1295 946 1346 1003 est
1367 945 1457 1003 domi·
1534 973 1536 976 ·

292 1067 370 1113 num
394 1070 458 1114 non
480 1071 593 1129 parare
617 1057 741 1130 aliquas
764 1058 904 1133 nuptiae,
929 1073 1066 1131 puerum
1089 1056 1270 1117 Chremetis
1296 1062 1355 1127 (vs.
1381 1059 1430 1127 32)

380 1167 473 1227 Olera
488 1171 529 1228 ¹et
551 1170 723 1243 pisciculos
745 1173 889 1231 minutos
913 1171 995 1230 ferre
1015 1170 1110 1229 obolo
1131 1171 1164 1229 in
1184 1186 1318 1230 coenam
1338 1171 1437 1229 seni.”

290 1279 467 1353 Postquam
503 1283 683 1343 Scholiasta
717 1285 866 1358 exposuit
898 1300 953 1344 cur
976 1283 1230 1359 pisciculos,
1255 1283 1457 1358 minutos,

290 1394 410 1455 obolo
446 1396 531 1455 dicta
564 1397 639 1472 sint,
672 1397 752 1457 haec
783 1399 887 1457 addit:
923 1400 974 1472 „et
998 1398 1073 1471 quid
1096 1399 1125 1456 si
1148 1398 1293 1458 minutos
1313 1399 1372 1457 'sed
1399 1414 1458 1458 om-

290 1509 384 1567 nibus
392 1510 428 1568 ?’'
464 1510 524 1569 His
558 1512 666 1570 verbis
701 1513 854 1586 explicari
889 1512 1016 1572 videtur
1048 1529 1103 1573 cur
1128 1514 1228 1572 etiam
1252 1514 1398 1573 additum
1420 1511 1460 1570 sit

290 1623 398 1681 seni:
434 1621 502 1682 fieri
538 1624 625 1683 enim
659 1626 785 1698 poterat
819 1627 856 1684 ut
890 1627 1008 1684 minuti
1040 1626 1170 1698 quidem
1194 1627 1339 1700 pisciculi
1362 1625 1459 1699 empti

290 1738 407 1812 essent,
441 1738 497 1796 sed
527 1740 639 1797 tantus
671 1754 782 1798 eorum
813 1754 969 1798 numerus
992 1742 1029 1798 ut
1051 1739 1103 1799 vel
1127 1755 1265 1814 magnae
1290 1755 1407 1799 coenae
1429 1740 1459 1797 et

290 1849 378 1908 omni
403 1850 612 1911 convivarum
635 1867 771 1911 numero
795 1852 986 1912 sufficerent.

334 2076 373 2152 ll,
396 2079 425 2152 3,
450 2079 499 2137 11.
524 2078 600 2151 „Dic
618 2081 652 2138 te
671 2080 844 2138 ducturum
864 2095 937 2139 eam
957 2095 1054 2152 quam
1074 2081 1145 2140 vult
1165 2082 1277 2154 pater'’
1298 2081 1360 2140 hoc
1372 2078 1458 2138 herili

289 2190 354 2250 filio
385 2192 500 2250 suadet
530 2191 656 2267 Davus;
689 2195 784 2266 atque
815 2193 869 2252 illo
898 2196 1091 2268 aspernante
1116 2197 1149 2254 et
1172 2194 1235 2254 alia
1259 2195 1366 2253 multa
1388 2193 1459 2253 dicit

290 2305 330 2363 ad
354 2304 524 2365 consilium
548 2321 644 2365 suum
669 2307 962 2366 commendandum
985 2310 1018 2366 et
1041 2308 1117 2367 hoc:

655 2421 704 2478 Ex
728 2436 767 2480 ea
789 2436 823 2480 re
848 2421 923 2494 quid
946 2419 1003 2480 fiat
1026 2421 1109 2481 vide.

289 2533 490 2592 Annotatur:
515 2530 592 2610 „aab
616 2539 667 2610 τῆς
692 2527 864 2612 appensae?
890 2534 951 2594 Pro
975 2531 1124 2613 ἐκβάσεως
1144 2534 1196 2594 vel
1217 2531 1364 2613 ἐκβάσεως
1377 2538 1458 2604 (nam

289 2649 350 2708 hoc
374 2662 498 2720 quoque
521 2649 648 2721 legitur)
672 2648 891 2722 reponendum
915 2650 965 2708 est
989 2649 1109 2722 aliquid
1132 2649 1216 2722 quod
1240 2664 1459 2708 assensum

289 2762 342 2822 vel
366 2762 690 2822 simulationem
714 2761 883 2836 significet.

336 2876 427 2952 „Noli
461 2878 628 2936 metuere’'
663 2876 772 2936 Davus
807 2878 853 2936 ait
886 2892 946 2952 „ne
977 2875 1131 2936 Chremes
1162 2877 1221 2935 tibi
1244 2875 1347 2935 liliam
1370 2891 1459 2935 suam

288 3006 424 3050 uxorem
449 2991 518 3048 det:
543 2990 682 3049 nimium
707 2991 736 3050 ei
758 2991 806 3049 tui
830 2993 906 3050 sunt
929 2990 998 3050 noti
1021 3005 1138 3049 mores
1164 2990 1312 3049 Inveniet
1336 2991 1458 3063 inopem

289 3104 396 3178 potius
419 3105 607 3177 generum.”
631 3103 681 3162 Ad
704 3105 818 3177 poetae
842 3103 941 3162 verba
963 3102 1158 3162 inveniet
1181 3103 1349 3176 inopem
1369 3117 1458 3162 anno·

289 3219 396 3277 tatum
423 3219 489 3276 est:
517 3214 686 3294 „onopopot
709 3213 875 3293 ἐφεκτκκῶς,
899 3217 955 3276 sed
979 3231 1038 3276 nec
1062 3217 1191 3289 inopem
1215 3219 1380 3289 quaeret.”
1405 3217 1458 3276 Ob-

290 3333 479 3393 scurissima
509 3334 589 3392 haec
619 3347 722 3406 neque
753 3333 856 3392 multo
882 3332 1016 3392 clariora
1039 3346 1120 3404 quae
1144 3331 1296 3404 leguntur
1319 3333 1353 3391 in
1376 3331 1457 3391 Klot-

289 3447 399 3506 ziana:
427 3442 587 3524 „cauponi
610 3443 769 3522 ἐφεκτικός,
789 3445 820 3505 id
841 3448 891 3505 est
911 3444 1056 3504 inveniet
1076 3444 1292 3504 elevationem
1312 3446 1345 3504 et
1357 3459 1457 3518 super·

289 3561 386 3619 biam.
411 3561 609 3619 Inveniet
632 3560 807 3634 inopem:
833 3559 889 3618 sed
912 3574 954 3618 ne
977 3559 1106 3632 inopem
1131 3559 1296 3631 quaerat.'’

337 3674 565 3750 „simulando”
589 3673 699 3732 Davus
722 3675 834 3732 monet
859 3675 911 3748 „te
934 3687 1071 3731 uxorem
1099 3672 1213 3730 ducere
1233 3671 1317 3730 velle
1337 3672 1458 3745 patrem

289 3789 384 3847 tuum
403 3787 621 3860 negligentem
642 3786 789 3845 feceris”
810 3786 859 3845 Ad
880 3785 1172 3859 negligentem
1193 3784 1368 3859 feceris,
1383 3799 1458 3857 quae

288 3903 402 3975 poetae
445 3902 521 3959 sunt
562 3899 669 3974 verba,
711 3900 901 3958 annotatur:
941 3899 1022 3974 „hoc
1056 3900 1106 3958 est
1140 3899 1240 3957 etiam
1274 3897 1309 3956 in
1342 3896 1458 3972 paratis

289 4016 443 4090 nuptiis.’'
467 4014 556 4074 Haec
579 4030 704 4088 quoque
727 4015 871 4074 obscura.

333 4243 373 4318 II,
399 4244 429 4302 4.
461 4244 533 4302 Iam
564 4242 686 4301 accedit
716 4244 808 4316 pater
832 4241 1046 4315 experimenti
1070 4255 1167 4299 causa
1190 4239 1294 4298 lilium
1316 4239 1458 4298 iussimus

193 4429 195 4434 ι
290 4371 426 4415 uxorem
462 4357 586 4414 ducere.
622 4356 704 4428 Ergo
738 4355 848 4414 Davus
883 4354 1048 4413 submissa
1077 4361 1156 4414 voce
1187 4353 1393 4430 Pamphilum
1415 4352 1457 4413 sic

293 4470 465 4545 alloquitur
489 4471 519 4539 (2
540 4474 617 4542 squ:
