3254 5274
857 650 933 710 38'

292 838 398 910 Atque
418 838 593 912 prodeunte
613 838 730 898 ancilla
748 838 857 911 nigra:
880 837 1038 912 „Procede
1058 838 1095 895 tu
1110 837 1182 896 huc.
1199 837 1247 896 Ex
1259 836 1461 911 Aethiopiast

293 966 394 1024 usque
425 951 536 1030 haec.”
568 951 673 1010 Perite
698 951 878 1010 Scholiasta
900 953 1050 1010 annotat:
1079 949 1179 1025 „Sum
1203 949 1320 1010 fiducia
1342 951 1376 1010 et
1398 950 1460 1010 alto

293 1065 386 1124 vultu
405 1066 608 1139 pronuntiat;
630 1067 663 1124 et
681 1064 815 1124 festinat
834 1081 874 1124 ne
895 1066 1028 1138 occupet
1046 1064 1142 1124 miles
1161 1064 1250 1137 prius
1266 1063 1353 1123 abire
1366 1078 1460 1136 quam

292 1179 433 1238 videat.‘’
454 1179 544 1237 Facit
564 1179 674 1238 autem
694 1178 852 1238 Parmeno
872 1180 955 1252 quod
976 1179 1085 1238 iussus
1101 1179 1211 1238 estve.
1227 1178 1307 1236 214:
1325 1191 1460 1252 „munus

291 1270 440 1352 nostrum
463 1294 576 1352 ornato
599 1293 738 1353 verbis”

337 1405 420 1464 Tum
439 1405 631 1464 Eunuchum
650 1421 748 1465 suum
767 1406 960 1467 simulatum
979 1421 1079 1468 manu
1091 1406 1253 1466 adducens
1265 1406 1311 1466 sic
1324 1406 1461 1466 alterum

234 1566 238 1574 .
293 1519 371 1578 illud
395 1519 514 1578 donum
538 1522 675 1580 exornat
697 1520 805 1580 verbis
829 1522 904 1590 (476
928 1525 1026 1594 sqq.):

759 1635 823 1694 Fac
845 1635 1000 1708 periclum
1024 1635 1058 1694 in
1080 1633 1198 1694 litteris

470 1748 534 1836 ¹Fac
556 1748 590 1807 in
612 1748 783 1824 palaestra„
808 1750 841 1807 in
864 1749 1016 1809 musicis:
1040 1763 1122 1822 quae
1145 1749 1283 1808 liberum

471 1862 557 1922 Scire
581 1865 752 1935 aequomst
775 1863 1030 1923 adolescentem:
1054 1864 1219 1924 sollertem
1243 1865 1334 1924 dabo.

294 1974 523 2035 Sollertem
546 1976 649 2035 dabo
672 1978 832 2050 quomodo
855 1978 899 2037 sit
923 1979 1144 2052 accipiendum
1164 1992 1228 2037 non
1246 1978 1350 2037 video.
1372 1975 1462 2036 Certe

294 2103 358 2148 non
381 2089 428 2148 sic
450 2092 488 2150 ut
510 2091 581 2150 vult
603 2090 831 2151 Ruhnkenius:
859 2092 974 2167 „rebus
997 2092 1076 2165 ipsis
1100 2092 1270 2152 ostendam
1290 2107 1366 2151 eum
1385 2091 1461 2165 peri·

293 2202 460 2263 tissimum
483 2203 600 2264 harum
624 2205 753 2265 artium.
778 2207 881 2267 Plaut.
907 2206 970 2266 Mil.
996 2206 1051 2281 HI„
1080 2208 1107 2281 1„
1133 2208 1192 2266 56:

397 2316 474 2376 Plus
497 2317 578 2378 dabo
601 2333 700 2391 quam
722 2320 912 2393 praedicabo
935 2336 977 2379 ex
1000 2335 1054 2379 me
1077 2320 1260 2379 venustatis
1283 2319 1374 2379 tibi.'’

279 2431 355 2489 -Sed
375 2430 469 2504 plane
489 2432 575 2490 aliud
595 2432 670 2505 quid
690 2434 741 2492 est
760 2434 857 2493 dare
877 2433 983 2493 Plauti
998 2434 1067 2493 loco
1081 2435 1177 2506 atque
1189 2435 1299 2492 nostro
1312 2432 1461 2494 Terentii.

293 2543 467 2603 Eunuchus
487 2545 527 2604 ad
546 2545 607 2605 hoc
626 2547 813 2619 exemplum
834 2546 938 2606 dicere
957 2547 1101 2620 poterat:
1125 2546 1323 2621 „sollertiam
1344 2547 1461 2620 dabo”;

293 2627 487 2719 Parmenoni
510 2659 667 2718 utendum
690 2660 760 2718 erat
782 2659 926 2719 futuro
958 2661 1118 2719 exacto.

338 2772 403 2832 480
434 2787 502 2845 sqq.
537 2772 691 2846 „Atque
722 2773 823 2832 haec
853 2774 922 2845 qui
945 2773 1085 2831 misit”
1110 2765 1339 2845 sicfParmeno
1361 2773 1464 2848 pergit

294 2886 352 2944 vix
382 2886 497 2945 militis
527 2885 762 2959 interpellantis
792 2886 891 2945 verba
917 2887 1050 2946 audiens
1077 2901 1160 2960 „non
1183 2888 1234 2946 est
1257 2889 1384 2948 amator
1406 2887 1462 2946 im·

293 2999 439 3073 perinsus

471 3128 585 3172 verum
608 3112 663 3172 ubi
685 3112 862 3172 molestum
885 3127 949 3172 non
973 3112 1042 3187 erit„
1068 3112 1122 3171 ubi
1145 3114 1181 3171 tu
1203 3113 1303 3188 voles„

426 3226 489 3287 Ubi
512 3228 642 3300 tempus
665 3226 724 3286 tibi
748 3225 817 3301 erit,
843 3227 895 3285 sat
918 3226 1024 3302 habet„
1050 3227 1078 3287 si
1101 3228 1173 3285 tum
1197 3226 1381 3301 recipitur.“

293 3342 496 3416 singularem
520 3341 588 3400 vim
611 3341 709 3400 habet
732 3341 874 3413 atque:
902 3342 954 3416 „et
973 3341 1057 3413 qnod
1076 3340 1261 3400 maximum
1281 3342 1340 3418 est,
1363 3342 1391 3402 is
1410 3342 1463 3415 qui

292 3459 362 3517 tam
393 3456 526 3530 pulchra
558 3456 642 3515 dona
671 3456 802 3515 dat...”
834 3455 998 3515 Admonet
1028 3455 1080 3515 hic
1106 3455 1260 3515 lectorem
1284 3455 1462 3516 Scholiasta

292 3586 390 3644 quarn
420 3571 501 3630 bene
532 3584 659 3629 memor
688 3570 847 3629 Parmeno
878 3569 922 3628 sit
952 3569 1033 3629 iussi
1064 3573 1122 3639 (vs.
1157 3569 1219 3627 214
1247 3572 1324 3641 sq.):
1353 3569 1462 3644 „illum

292 3683 467 3758 aemulum,
492 3683 576 3756 quod
598 3682 719 3757 poteris
743 3683 781 3742 ab
806 3698 844 3742 ea
865 3682 1007 3756 pellito.'’

335 3797 428 3857 Hanc
458 3797 570 3856 rivalis
601 3797 652 3855 sui
681 3797 909 3856 verecundiam
940 3796 995 3855 ubi
1024 3796 1148 3856 landari
1176 3796 1300 3855 audivit
1330 3795 1460 3872 Thras0‚

292 3911 505 3986 contemptim
530 3915 589 3981 (vs.
615 3911 708 3981 486l:

469 4025 612 4098 Apparet
635 4039 766 4084 servum
790 4024 876 4084 hunc
899 4039 971 4085 esse
995 4024 1117 4083 domini
1139 4023 1288 4098 pauperis

468 4123 647 4211 Miserique.

336 4253 517 4326 Statimque
541 4252 684 4316 Gnatho:

673 4367 756 4425 Nam
780 4365 888 4425 hercle
911 4381 1007 4426 nemo
1030 4367 1150 4440 posset,
1175 4367 1228 4424 sat
1251 4365 1327 4441 scio„

469 4481 528 4562 Qui
551 4465 683 4546 haberet
707 4480 761 4559 qui
783 4481 912 4560 pararet
936 4479 1045 4556 alium,
1070 4479 1156 4539 hunc
1179 4479 1311 4560 perpeti.
