3254 5274
849 661 890 724 20

301 852 451 910 annotat:
482 849 540 926 „In
562 850 614 910 his
637 849 717 909 nihil
741 866 855 910 servus
878 851 949 911 vult
971 852 1035 911 nisi
1059 855 1189 913 coactus
1213 853 1318 913 facere
1342 856 1472 929 propter

303 965 461 1024 maiorem
484 964 684 1023 dominum.''
710 963 777 1038 Qua
800 964 1008 1024 annotatione
1031 966 1121 1025 verbi
1145 967 1385 1040 imperandi
1404 968 1474 1027 vim

302 1078 464 1138 ihustrare
494 1076 574 1152 vult,
606 1076 824 1150 lectoremque
851 1078 1024 1137 admonere
1049 1080 1195 1138 consulto
1219 1080 1280 1139 hoc
1304 1081 1401 1141 verbo
1425 1082 1475 1140 uti

301 1191 536 1250 Parmenonem
560 1192 596 1249 ut
619 1191 687 1264 ipsa
712 1192 805 1250 extra
828 1191 1007 1264 periculum
1026 1193 1079 1267 111,
1101 1193 1129 1251 11
1149 1192 1275 1265 quando
1297 1192 1474 1252 Phaedriae

300 1307 392 1379 pater
419 1305 605 1379 cognoverit
627 1302 730 1363 fliium
754 1319 850 1363 suum
874 1320 944 1363 rem
967 1305 1162 1364 familiarem
1181 1308 1311 1381 propior
1332 1307 1474 1366 amicam

301 1419 485 1493 dilapidare.
510 1418 572 1477 Sed
594 1418 694 1476 nimis
718 1433 792 1477 cum
815 1417 995 1492 pulvisculo
1018 1419 1100 1478 mihi
1123 1419 1176 1478 hic
1195 1420 1325 1492 quidem
1345 1419 1474 1493 singula

300 1532 457 1591 vocabula
480 1532 632 1608 excutere
656 1531 769 1590 doctus
793 1533 1029 1591 commentator
1052 1533 1188 1607 videtur,
1214 1533 1374 1605 siquidem
1394 1533 1473 1592 illud

299 1644 499 1718 numquid
524 1644 640 1703 aliud
659 1644 870 1718 imperas?
890 1645 970 1703 nihil
990 1647 1041 1704 est
1056 1646 1120 1705 nisi
1143 1646 1293 1718 loquendi
1313 1644 1473 1718 quaedam

171 1822 175 1831 ,
298 1757 447 1834 formula,
480 1772 543 1830 qua
565 1756 687 1816 domini
710 1757 870 1831 imperata
892 1758 1038 1817 facturus
1062 1759 1101 1817 ab
1126 1773 1163 1818 eo
1187 1759 1323 1818 discedit
1345 1748 1483 1817 servus(

342 1888 391 1932 vs,
413 1873 487 1931 214.
525 1872 661 1947 „Munus
673 1872 842 1930 nostrum''
858 1871 914 1940 [ait
926 1872 1093 1941 Phaedria)
1110 1874 1242 1947 „ornato
1255 1873 1373 1947 verbio,
1388 1871 1472 1945 quod

914 1986 1063 2060 [poterim
1088 1988 1121 2045 et
1143 1986 1236 2045 illum
1260 1987 1426 2046 aemulum

532 2100 640 2176 „Quod
663 2101 784 2174 poteris
808 2101 847 2159 ab
871 2115 910 2159 ea
932 2100 1075 2174 pellito.’'

299 2214 402 2288 Quam
432 2212 569 2274 fideliter
599 2214 660 2273 hoc
682 2215 836 2273 mandato
859 2213 1012 2287 fungatur
1035 2214 1194 2273 Parmeno
1218 2229 1306 2289 mox,
1332 2229 1351 2272 a
1375 2214 1469 2274 Scho-

298 2329 395 2389 liasta
425 2329 591 2403 admoniti,
616 2328 809 2386 videbimua
836 2327 985 2402 „Interea
1009 2328 1088 2401 ego”
1113 2329 1161 2388 sic
1184 2329 1289 2402 pergit
1312 2329 1471 2387 Phaedria

301 2458 376 2516 „rus
406 2443 457 2501 ibo
489 2443 522 2501 et
552 2443 659 2500 totum
682 2441 743 2500 hoc
765 2441 900 2499 biduum
924 2441 968 2500 ibi
991 2442 1162 2501 maneb0.”
1187 2441 1231 2501 At
1253 2457 1368 2501 servus
1391 2442 1469 2500 hero

297 2556 500 2630 prudentior:
527 2557 704 2630 „nontam
728 2555 782 2613 diu
805 2554 881 2613 hinc
904 2555 1017 2614 abesse
1041 2555 1194 2628 poterisss‘

404 2669 507 2745 „Nam
531 2671 588 2728 aut
610 2669 698 2728 iam’'
723 2669 753 2738 (i.
767 2684 794 2728 e.
820 2669 944 2740 statim)
972 2671 1164 2744 „revortere
1190 2671 1247 2729 aut
1269 2685 1348 2729 mox
1371 2671 1468 2729 noctu

873 2784 916 2853 [te
940 2783 1048 2857 adiget
1071 2783 1205 2842 horsum
1228 2784 1422 2844 insomnia.”

297 2898 482 2972 Respondet
504 2897 618 2956 herus:
982 2957 989 2972 ,

366 3013 452 3086 Opus
475 3011 603 3086 faciam,
628 3011 665 3068 ut
689 3009 844 3084 defetiger
867 3025 977 3086 usque,
1002 3011 1151 3084 ingratiis
1174 3013 1211 3070 ut
1234 3011 1393 3071 dormiam

298 3128 331 3185 et
353 3141 483 3184 servus:
512 3123 681 3199 „vigilabis
703 3121 820 3198 11111111,
845 3123 906 3183 hoc
928 3125 1001 3198 pius
1023 3125 1155 3184 facien.”

297 3239 358 3298 Hic
388 3239 487 3298 verba
520 3241 599 3314 „hoc
629 3239 702 3313 pius
732 3237 852 3297 facies”
884 3239 931 3297 sic
962 3239 1146 3313 accipienda
1176 3253 1248 3298 esse
1272 3239 1408 3298 arbitror
1431 3241 1469 3297 ut

295 3353 390 3427 pius
409 3353 546 3412 facies
565 3353 609 3411 sit
628 3352 853 3426 proficies;
874 3350 1035 3426 significat
1051 3367 1143 3426 ergo:
1159 3354 1308 3427 „tantum
1320 3350 1467 3426 proficies

297 3467 329 3524 et
352 3466 398 3525 nil
422 3465 594 3540 ampliun’'

341 3577 459 3638 Contra
481 3580 558 3639 hero
582 3581 649 3638 stat
672 3579 851 3652 sententia3
877 3579 931 3652 qui
955 3581 987 3638 et
1011 3578 1083 3638 aliis
1107 3579 1214 3638 verbis
1234 3580 1465 3640 obduraturum

295 3707 330 3750 se
353 3690 521 3766 profitetur
545 3695 577 3752 et
600 3693 652 3750 his
676 3696 734 3762 (vs,
761 3693 852 3762 22311

340 3804 484 3865 Tandem
503 3821 568 3865 non
588 3821 646 3879 ego
665 3804 757 3864 illam
774 3820 911 3880 caream,
925 3805 954 3864 11
967 3806 1011 3864 111
1023 3821 1102 3880 opus
1114 3804 1167 3864 vel
1179 3808 1286 3866 totum
1298 3807 1465 3866 triduum?
1496 3812 1500 3816 ’

294 3920 389 3980 Ridet
412 3935 487 3979 eum
510 3934 625 3979 servus
648 3919 773 3978 dicens:

1095 4033 1161 4093 Hui

539 4146 738 4206 Univorsum
761 4146 923 4205 triduum!
948 4145 1022 4205 vide
1046 4146 1121 4219 quid
1145 4162 1246 4220 agas,¹

295 4261 357 4322 Hic
397 4261 568 4321 verissime
610 4259 792 4319 Scholiasta
829 4261 937 4319 docet:
977 4259 1097 4334 „Vide
1132 4259 1229 4333 quid
1264 4275 1381 4334 agas:
1416 4259 1464 4319 sic

295 4378 411 4437 dicitur
433 4391 554 4450 magna
577 4375 869 4449 aggredientibus.”

339 4491 484 4551 Profecto
504 4489 670 4567 Phaedria,
693 4503 807 4548 servus
827 4489 904 4547 dum
920 4487 1009 4548 solus
1022 4503 1133 4548 secum
1145 4489 1283 4548 miratur
1295 4487 1463 4550 dominum
