3234 5254
770 653 832 710 216

263 835 343 900 Vll.
379 837 464 896 Nihil
499 838 532 895 in
568 837 742 896 comoediis
775 853 846 895 esse
878 836 1048 895 Terentius
1079 834 1201 907 patitur
1231 831 1355 904 tragici.
1375 822 1397 895 ¹)

215 952 295 1010 Vide
319 967 348 1024 p.
374 952 415 1009 83
440 950 536 1008 huius
560 951 642 1008 libri.

260 1065 387 1124 Addam
407 1079 509 1137 pauca
529 1078 610 1136 quae
631 1065 670 1122 ad
690 1066 773 1136 quod
794 1079 896 1137 genus
916 1063 1125 1137 potissimum
1146 1061 1212 1120 sint
1228 1058 1399 1117 referenda

217 1193 281 1236 non
306 1178 414 1237 video:

262 1291 392 1349 Phorm.
424 1290 463 1365 Il,
490 1292 519 1366 3,
546 1294 575 1350 b.
601 1291 752 1349 Phormio
777 1291 816 1348 ad
839 1290 1075 1364 Demiphonem
1100 1288 1264 1361 aooedenS,
1290 1299 1399 1356 aquo

219 1405 258 1463 ad
294 1419 426 1463 causam
463 1405 631 1463 dicendam
666 1404 772 1462 suerat
807 1403 992 1479 arcessitus
1029 1417 1151 1475 secum,
1188 1399 1244 1458 sed
1279 1398 1323 1456 ita
1360 1398 1400 1454 ut

218 1518 376 1592 Demipho
400 1518 519 1592 audiat,
545 1519 625 1576 haec
648 1518 806 1590 loquitur:
872 1595 874 1600 Δ

833 1630 894 1688 Pro
919 1630 1016 1688 deum
1040 1628 1292 1687 immortalium!

331 1745 436 1817 Negat
457 1743 618 1802 Phanium
642 1759 714 1802 esse
737 1744 821 1802 hanc
844 1744 905 1801 sibi
929 1744 1099 1816 cognatam
1124 1741 1306 1815 Demipho?

220 1858 421 1917 Annotatur:
449 1871 587 1930 ,magno
611 1856 739 1928 ingenio
763 1855 933 1914 Terentius
961 1854 1196 1928 impudentiam
1222 1854 1399 1912 calumnia-

220 1973 301 2031 toris
336 1971 505 2043 expressit.
541 1971 625 2029 Nam
660 1971 693 2028 et
727 1969 813 2042 prior
847 1970 959 2042 incipit
990 1970 1022 2027 et
1053 1969 1139 2041 prior
1170 1968 1333 2026 accusat.”
1357 1967 1402 2025 Et

222 2086 323 2159 ipsius
357 2083 498 2142 Terentii
533 2083 593 2142 hoc
628 2098 699 2141 esse
734 2083 904 2141 inventum
940 2081 1041 2141 efficio
1077 2096 1118 2139 ex
1152 2081 1293 2140 Andriae
1327 2079 1401 2139 loco

222 2199 275 2273 IV,
311 2199 338 2273 1,
372 2199 423 2256 20.
456 2196 641 2271 Charinum,
675 2196 792 2255 iniuria
823 2196 883 2255 sibi
916 2196 1035 2255 iratum
1067 2196 1180 2254 sedare
1209 2196 1286 2253 dum
1310 2195 1402 2267 cupit

223 2312 422 2385 Pamphilus
447 2311 533 2384 prior
556 2311 729 2383 alloquitur
752 2311 803 2368 his
828 2310 951 2368 verbis:

314 2424 460 2498 Charine,
485 2425 518 2482 et
540 2439 594 2482 me
618 2425 651 2482 et
673 2425 706 2482 te
730 2425 926 2498 imprudens
952 2422 1015 2481 nisi
1039 2423 1114 2495 quid
1138 2423 1170 2481 di
1193 2423 1379 2496 respiciunt,

1199 2536 1340 2609 [perdidi.

224 2653 425 2711 Annotatur:
472 2651 573 2725 ,mire
616 2652 649 2708 et
691 2649 863 2709 artificiose
906 2650 983 2708 fecit
1016 2649 1224 2722 Pamphilum
1258 2650 1401 2722 priorem

223 2765 342 2836 alloqui
373 2764 412 2822 ad
435 2763 695 2836 perfringendam
719 2762 919 2821 iracundiam
943 2761 1082 2836 Charini,
1108 2762 1236 2836 alioqui,
1261 2762 1290 2820 si
1312 2763 1402 2835 prior

224 2878 392 2938 vociferari
414 2878 582 2951 potuisset,
608 2876 732 2949 tragica
754 2877 992 2935 exclamatione
1015 2891 1094 2934 usus
1118 2876 1266 2935 fuisset.”

268 2992 424 3066 Quamvis
466 2993 553 3050 enim
597 2991 749 3050 contrarii
791 2991 875 3050 inter
916 3006 952 3050 se
994 2991 1028 3049 hi
1069 2990 1131 3050 loci
1174 2991 1233 3049 dici
1273 2989 1402 3064 possint

223 3106 335 3174 (altero
370 3105 458 3164 enim
492 3105 679 3178 impostoris
714 3104 915 3177 impudentia
949 3104 1140 3178 depingitur,
1177 3103 1278 3162 altero
1310 3119 1399 3162 vere·

223 3220 317 3278 cundi
355 3219 482 3277 iuvenis
519 3218 644 3291 placida
675 3217 808 3287 indoles)
841 3219 985 3276 eiusdem
1018 3219 1130 3276 tamen
1161 3233 1233 3276 esse
1265 3217 1400 3278 artificis

220 3332 314 3391 facile
338 3332 450 3391 sentis
540 3323 550 3344 '

265 3444 356 3503 Adel.
388 3444 444 3519 III,
478 3445 507 3520 3,
534 3446 586 3504 65.
610 3444 751 3502 Demeae
775 3423 888 3503 severo
912 3443 959 3502 illi
982 3444 1053 3502 seni
1076 3442 1153 3502 ficta
1176 3444 1335 3516 quaedam
1359 3444 1400 3502 de

221 3557 288 3633 filii,
310 3573 407 3632 quem
427 3558 495 3631 ipse
516 3559 603 3617 domi
624 3559 781 3633 educavit,
805 3559 964 3632 probitate
985 3558 1085 3631 Syrus
1105 3558 1268 3630 narravit;
1282 3558 1399 3631 quibus

221 3671 340 3730 auditis
371 3671 487 3744 gaudio
519 3671 573 3730 ille
604 3661 683 3730 adeo
714 3671 916 3744 perfunditur
939 3673 977 3730 ut
1000 3686 1101 3744 paene
1125 3671 1192 3729 iam
1215 3671 1306 3729 mitis
1329 3669 1397 3731 fiat.

221 3786 282 3844 Sed
301 3784 408 3843 subito
428 3784 617 3843 scurrilibus
637 3784 715 3842 iocis
735 3799 848 3842 senem
868 3784 1004 3843 ludibrio
1016 3784 1134 3843 habere
1147 3799 1261 3843 servus
1274 3784 1397 3857 incipit.

219 3900 419 3958 Annotatur:
462 3913 578 3972 ,prope
613 3898 766 3956 delinitus
801 3899 871 3957 erat
904 3898 1028 3956 Demea
1062 3899 1173 3957 contra
1208 3897 1399 3956 institutum

219 4012 412 4086 argumenti.
445 4008 628 4069 Artificioee
659 4011 757 4084 igitur
787 4013 884 4084 poeta
914 3993 1051 4070 subiecit
1074 4025 1116 4070 ex
1139 4025 1277 4084 persona
1299 4011 1396 4085 servi,

220 4126 305 4185 unde
329 4124 423 4184 illum
447 4125 487 4182 ad
512 4118 764 4183 amaritudinem
788 4125 972 4197 provocet..”

193 4331 195 4336 ¹
245 4315 261 4367 ¹)
282 4313 346 4358 Puto
365 4313 506 4358 Ciceronem
526 4314 706 4366 Caesaremque
720 4313 830 4358 Terentii
844 4313 990 4358 comitatem
1005 4324 1061 4359 cum
1075 4313 1126 4357 levi
1141 4314 1327 4368 vituperatione
1341 4314 1393 4356 lau-

217 4399 306 4443 dantes
326 4400 425 4454 praeter
446 4409 586 4444 sermonem
607 4399 662 4443 elus
681 4398 764 4443 lenem
786 4398 950 4452 sedatumque
972 4401 999 4443 et
1019 4399 1070 4444 alla
1087 4400 1215 4454 spectasse
1233 4401 1260 4443 et
1274 4400 1341 4444 hunc
1357 4405 1401 4442 roa

215 4485 327 4540 τραγικοῦ
342 4479 446 4522 metum.
