3234 5254
728 678 787 741 171

169 870 279 943 aliqua
309 872 488 930 dirimatur.
522 870 624 945 Quam
656 872 827 930 Klotziana
858 870 997 945 exhibet,
1031 885 1069 929 ea
1095 870 1225 929 facilem
1248 869 1346 927 habet

169 983 373 1044 intellectum
396 986 523 1058 praeter
546 983 663 1043 ultima
683 985 771 1059 haeo,
795 1000 876 1057 quae
897 984 925 1043 ei
945 985 1022 1042 sunt
1042 999 1115 1042 curn
1127 982 1344 1044 Westerhovi-

168 1114 234 1157 ana
264 1097 466 1157 eommunia:
502 1097 602 1170 ,mire
633 1099 753 1172 tamen,
786 1098 871 1171 quod
895 1097 988 1170 quasi
1011 1112 1053 1155 ex
1077 1099 1267 1170 argumento
1291 1096 1343 1170 sit,

168 1213 206 1270 ut
237 1211 338 1270 futuri
369 1212 461 1269 actus
492 1211 551 1286 sui,
585 1212 760 1284 antequam
792 1210 878 1283 loqui
902 1209 1066 1284 incipiant,
1092 1209 1344 1283 describantur,''

167 1325 225 1384 ubi
270 1340 373 1399 neque
415 1326 556 1384 tamen
598 1340 702 1398 neque
745 1341 795 1384 ex
838 1326 1086 1398 argumento
1128 1325 1187 1384 sit
1228 1339 1345 1384 sanum

167 1439 308 1498 videtur.

215 1553 268 1612 45.
304 1551 443 1625 Rogavit
477 1552 565 1627 leno:
606 1552 700 1626 „quid
736 1552 819 1625 quod
853 1552 885 1610 te
921 1552 1020 1611 oro?”
1057 1552 1157 1626 Syrus
1188 1551 1233 1610 nil
1263 1550 1344 1610 nisi:

170 1666 355 1740 „paulisper
385 1667 502 1724 mane”
534 1666 715 1739 respondet.
744 1665 806 1724 Hie
830 1667 863 1724 61
886 1664 949 1724 alia
973 1667 1169 1725 annotantur
1192 1667 1225 1724 et
1247 1666 1344 1725 haec:

169 1794 291 1854 ,quam
321 1779 402 1837 bene
433 1778 639 1837 fastidiosum
670 1778 821 1837 lenonem
852 1778 930 1837 iacit
961 1779 1093 1851 Syrus.'’
1122 1778 1227 1838 Immo
1250 1793 1344 1837 vero:

169 1907 291 1966 „quarn
327 1893 408 1951 bene
442 1892 648 1951 fastidiosum
683 1883 761 1950 iacit
797 1895 851 1961 (so.
888 1894 992 1965 poeta)
1025 1892 1175 1965 Syrum.'’
1207 1893 1345 1967 Roganti

166 2006 296 2065 nullum
321 2006 396 2064 dare
420 2021 611 2078 responsum
635 2006 691 2064 sed
715 2020 847 2064 manere
871 2020 946 2064 eum
966 2005 1074 2065 iubere
1095 2007 1275 2080 arrogantis
1296 2008 1346 2066 est

168 2122 201 2178 et
230 2119 399 2178 fastidiosi.
426 2118 512 2178 Talis
537 2120 647 2178 autern
672 2119 772 2191 Syrus
796 2134 816 2177 a
838 2116 934 2192 potita
957 2119 1148 2195 depingitur,
1173 2120 1245 2180 leno
1269 2136 1345 2180 vero

167 2235 341 2307 tamquam
372 2233 533 2292 demissus
565 2233 721 2307 planeque
748 2229 893 2304 ταπεινός.
918 2232 1101 2304 Sequuntur
1124 2234 1221 2292 haec:
1250 2250 1345 2308 ,narn

167 2351 202 2408 et
234 2363 332 2422 supra
362 2363 426 2406 non
456 2348 637 2406 intendenti
668 2347 745 2407 dioit
775 2347 873 2408 toties
903 2347 937 2406 in
966 2363 1031 2408 uno
1054 2364 1152 2408 sensu
1175 2350 1236 2409 hoo
1260 2351 1345 2409 idem

169 2463 272 2535 Syrus
296 2462 334 2520 de
359 2461 472 2520 amica.
498 2462 609 2520 Potest
631 2461 693 2520 hoo
715 2462 946 2535 interrogative
965 2462 1198 2535 pronuntiari.”
1219 2463 1344 2523 Scribo:

171 2590 270 2649 ,narn
302 2575 334 2632 et
365 2589 462 2648 supra
492 2590 556 2634 non
588 2575 834 2634 attendenti
866 2575 943 2634 dicit
972 2576 1069 2634 toties
1101 2577 1134 2635 in
1160 2592 1224 2636 uno
1248 2592 1347 2636 sensu

167 2689 229 2747 hoe
254 2688 341 2746 idem
366 2688 501 2760 Syro.'’
526 2687 555 2745 A
577 2687 710 2746 vocibus
735 2690 845 2747 autem
869 2689 914 2747 de
939 2689 1074 2748 amica
1093 2704 1215 2748 novum
1234 2690 1346 2763 incipit

167 2801 325 2876 scholion,
359 2802 441 2873 quod
472 2816 531 2860 suo
562 2800 631 2860 looo
662 2803 789 2860 motum
818 2802 876 2860 est.
909 2801 959 2860 Ad
990 2801 1088 2861 verba
1111 2803 1198 2861 enirn
1220 2817 1345 2876 praeoe-

168 2914 296 2974 dentia:
328 2915 470 2973 laetus
502 2916 567 2973 est
598 2914 643 2973 de
675 2914 810 2973 amica
835 2915 984 2988 pertinet.
1009 2915 1123 2974 Verbis
1147 2916 1282 2988 denique
1306 2916 1346 2974 in

167 3042 249 3085 uno
274 3041 402 3085 sensu
424 3027 500 3086 hoc
524 3027 632 3087 idem
656 3043 772 3101 parum
797 3027 960 3101 eleganter
979 3029 1140 3102 nimisque
1160 3029 1231 3087 fuse
1251 3029 1345 3102 signi-

167 3139 286 3200 ficatur
321 3140 392 3199 aliis
424 3139 531 3200 verbis
563 3141 649 3200 idem
680 3157 778 3215 supra
809 3157 905 3215 saepe
936 3142 1002 3201 iam
1033 3143 1155 3203 dixisse
1185 3142 1345 3201 lenonem.

168 3255 221 3313 An
247 3255 433 3328 corruptum
457 3254 497 3312 in
521 3270 599 3314 uno
624 3256 775 3314 sensu?

216 3477 257 3552 H,
291 3478 321 3536 3.
351 3476 453 3552 Quid
485 3493 557 3551 ego
589 3492 697 3536 nune
721 3480 760 3537 te
784 3478 1004 3549 laudem?]:
1032 3479 1127 3554 „quia
1149 3479 1221 3538 laus
1244 3495 1346 3552 genus

170 3606 289 3650 causae
321 3592 380 3664 est,
414 3593 496 3664 quod
528 3606 592 3650 non
624 3591 792 3650 adhibetur
822 3591 886 3650 nisi
917 3592 1030 3652 dubiae
1061 3593 1139 3652 rei.”
1165 3591 1251 3666 quid
1267 3593 1348 3652 haec

170 3705 233 3764 sibi
256 3705 394 3764 volunt?

217 3822 246 3880 6.
280 3818 431 3894 Ctesipho
463 3835 575 3880 seeum
606 3820 716 3879 fratris
748 3820 786 3880 de
817 3835 852 3879 se
883 3821 1001 3879 merita
1031 3823 1203 3895 postquam
1231 3822 1348 3882 extulit

170 3936 252 3994 haec
275 3933 380 3992 addit:

308 4047 421 4121 itaquo
449 4063 547 4106 unani
572 4048 656 4106 hane
679 4062 750 4106 rem
773 4063 826 4106 me
847 4046 964 4106 habere
983 4050 1110 4122 praeter
1130 4048 1210 4107 alios
1229 4048 1346 4121 praeci-

970 4159 971 4162 ’
1023 4165 1132 4235 [puam
1156 4161 1301 4238 arbitror,

308 4273 456 4332 Fratrem
487 4274 611 4334 homini
642 4274 765 4334 nemini
796 4290 867 4334 esse
894 4274 1074 4349 primarum
1099 4275 1218 4334 artium
1241 4276 1347 4348 magis

1102 4389 1299 4463 [principem.

174 4503 381 4562 Annotantur
404 4504 437 4562 61
460 4501 524 4561 alia
547 4504 580 4561 et
603 4503 698 4561 haec:
725 4503 773 4578 ,si
794 4502 982 4562 distinxeris
1002 4502 1195 4576 fratrem,
1219 4504 1279 4560 orit
1299 4503 1347 4561 bis
