3234 5254
721 705 782 764 165

165 894 259 952 modo
295 894 377 967 apud
413 893 493 952 alios
524 909 543 951 a
573 893 677 966 poetis
708 892 841 951 nomina
872 895 1107 966 componuntur
1130 893 1337 953 describenda

164 1022 220 1080 per
243 1002 429 1081 ἀντίφρασιν,
452 1005 536 1079 quod
560 1004 708 1078 designat
731 1005 917 1064 StoraX.”
942 1005 1020 1064 Post
1044 1005 1198 1064 Storax
1218 1007 1337 1066 excidit

164 1120 250 1179 illius
274 1120 415 1178 nominis
440 1119 628 1192 explicat103
654 1116 936 1178 describenda
955 1119 1065 1179 autem
1085 1119 1137 1178 hio
1155 1118 1336 1193 significare

164 1233 258 1292 debet
293 1232 563 1306 explicanda,
601 1231 868 1306 accipienda,
905 1231 1240 1305 interpretanda.
1275 1234 1336 1293 Pro

165 1348 269 1422 apud
312 1347 425 1406 alios
460 1363 479 1406 a
512 1347 655 1420 poetis
698 1346 834 1418 denique
875 1345 1048 1420 legendum
1083 1361 1197 1406 censeo
1232 1348 1336 1420 apud

165 1460 274 1519 alios
297 1463 463 1534 poetae,
489 1461 573 1532 quod
593 1461 680 1518 recte
700 1459 870 1532 opponitur
889 1459 1092 1532 praecedenti
1112 1460 1153 1519 in
1175 1460 1335 1520 Plauto,

164 1573 247 1633 Nata
289 1576 399 1632 autern
435 1574 616 1647 corruptela
652 1589 668 1632 e
704 1574 840 1632 duarum
874 1573 1051 1632 lectionum
1086 1575 1191 1662 apud
1226 1575 1336 1634 alios

32 1701 35 1707 ·
163 1689 313 1761 poetas
337 1689 370 1746 et
393 1687 439 1746 ab
464 1686 565 1746 aliis
589 1687 730 1761 poetis
753 1687 949 1746 confusione.

210 1801 239 1860 2.
271 1801 434 1870 lerant]
470 1801 641 1875 „producte
672 1801 688 1859 Ι
717 1800 973 1874 pronuntiand0’'
997 1801 1098 1874 Lege:
1122 1803 1335 1875 pronunti·

164 1915 322 1973 andum.

210 2027 375 2101 sequitur:
410 2029 512 2103 „quod
544 2044 603 2088 nos
635 2028 749 2087 addita·
773 2044 794 2087 v
825 2019 995 2088 iverant
1018 2027 1173 2089 dicimus:
1197 2029 1262 2089 tale
1286 2031 1337 2089 est
1445 2065 1450 2080 ›

162 2143 240 2201 illud
263 2141 406 2216 Virgilii:

330 2254 396 2315 Nos
421 2256 539 2315 abiisse
563 2256 627 2315 rati
649 2257 682 2316 et
704 2256 802 2315 vento
825 2256 958 2329 petiisse
981 2257 1165 2330 Mycenas.”

163 2368 254 2427 Bona
288 2370 464 2444 annotatio,
503 2385 601 2442 quam
636 2369 856 2443 compilatoris
891 2370 1031 2444 eorrupit
1065 2370 1214 2430 stultitia.
1251 2371 1336 2430 Olim

163 2483 244 2541 haec
278 2481 443 2556 legebatur
474 2483 653 2542 sententia:
688 2482 783 2557 „Sine
813 2498 834 2541 v
865 2483 959 2541 litera
989 2483 1000 2541 i
1031 2483 1147 2557 corripi
1176 2483 1267 2560 solet,
1299 2487 1336 2544 ut

163 2597 247 2670 apud
270 2596 458 2670 Virgilium:
484 2612 543 2656 nos
566 2597 684 2656 abiisse
709 2612 735 2656 e.
749 2612 778 2670 q.
792 2611 830 2671 s,
854 2598 910 2656 sed
935 2612 1009 2656 cum
1031 2614 1053 2656 v
1076 2598 1238 2670 produci.”

209 2712 238 2770 3.
265 2711 305 2769 Si
329 2711 446 2770 absis
468 2711 652 2785 uspiam]
680 2709 842 2785 „abundat
864 2711 1045 2786 uspiam,
1067 2713 1124 2769 aut
1143 2712 1234 2771 deest
1252 2727 1335 2785 pro·
1398 2719 1403 2730 ’

162 2823 321 2899 fectuS,
354 2827 411 2884 aut
440 2824 510 2883 ubi
539 2825 736 2898 uspiam.”
767 2824 828 2884 Pro
860 2826 931 2883 aut
953 2824 1022 2882 ubi
1044 2825 1208 2897 uspiam
1231 2825 1335 2898 legen-

163 2939 258 2996 dum:
296 2941 367 2997 aut
400 2939 565 3012 uspiam
599 2938 668 2998 ubi
701 2938 730 3007 (i.
753 2954 787 2997 e:
819 2939 876 2997 aut
906 2937 1070 3011 uspiam
1101 2938 1154 2996 hic
1176 2938 1262 2997 idern
1287 2941 1337 2998 est

162 3052 247 3124 quod
283 3051 379 3122 ubi).
416 3052 588 3112 Klotziana
621 3051 719 3110 habet
754 3053 825 3110 aut
859 3051 917 3110 ibi
953 3053 985 3110 et
1019 3051 1058 3109 ab
1090 3051 1141 3110 his
1172 3052 1337 3111 vocabulis

163 3177 287 3224 novum
310 3166 470 3226 scholium
493 3167 625 3226 orditur.
650 3166 755 3225 Minus
779 3167 875 3241 recte,
900 3167 937 3225 ut
960 3166 1080 3239 opinor.

208 3279 240 3339 4.
273 3279 314 3337 Si
346 3283 508 3350 cesses]
544 3281 603 3355 „ad
626 3295 763 3340 uxorem
786 3280 905 3339 iratam
929 3279 1027 3338 refert
1049 3279 1083 3338 in
1106 3279 1336 3339 desertorem.”

163 3391 226 3451 Hic
262 3407 386 3466 quoque
417 3393 535 3452 bonam
566 3394 826 3453 observationem
857 3391 1045 3468 depravavit
1075 3394 1196 3453 stultus
1220 3393 1336 3467 compi-

163 3505 257 3565 lator.
293 3506 363 3566 Hoc
394 3507 482 3566 enim
513 3508 750 3566 commentator
779 3507 898 3566 voluit:
935 3522 1125 3582 „cessare
1148 3507 1274 3580 proprie
1298 3507 1336 3565 de

164 3621 329 3680 desertore
364 3621 489 3696 dicitur,
525 3636 610 3680 nunc
643 3620 753 3680 odioso
788 3620 851 3682 isto
881 3621 979 3680 verbo
1009 3620 1093 3681 irata
1123 3637 1206 3679 uxor
1235 3621 1337 3680 utitur

164 3736 202 3794 de
227 3733 380 3794 marito.”

213 3849 264 3908 15.
333 3846 433 3920 Atqui
457 3863 498 3907 ex
521 3863 574 3906 me
598 3849 651 3908 hic
674 3864 739 3908 non
762 3851 858 3907 natus
882 3850 933 3907 est
956 3848 1012 3907 sed
1035 3848 1134 3907 fratre
1158 3863 1199 3906 ex
1222 3862 1305 3906 meo.

164 3962 242 4022 Sed
275 3976 324 4019 ex
354 3960 508 4030 fratre]
544 3961 624 4036 „hoc
655 3962 706 4019 est
737 3959 867 4020 omnino
891 3975 955 4019 non
979 3960 1104 4019 alienus
1128 3960 1209 4018 est.”
1234 3959 1335 4032 Lege:

166 4090 252 4151 „non
276 4073 406 4135 omnino
430 4073 554 4132 alienus
577 4074 659 4134 est.”

212 4189 263 4247 16.
289 4186 549 4248 Clementem
572 4187 716 4257 vitam]
744 4185 866 4262 „figura
889 4187 990 4260 ipsa.’'
1015 4186 1157 4245 Misellae
1180 4185 1241 4244 hae
1261 4187 1338 4244 sunt

164 4300 320 4372 reliquiae
362 4299 585 4359 huiuscemodi
626 4299 757 4360 scholii:
802 4300 939 4374 „Figura
981 4299 1184 4371 (sequebatur
1218 4313 1337 4358 nornen

165 4413 316 4488 figuraelz
352 4426 416 4472 non
451 4412 538 4472 enim
573 4413 643 4486 ipsa
676 4413 745 4471 vita
780 4413 922 4472 clemens
956 4414 1016 4487 est,
1051 4413 1107 4470 sed
1143 4411 1337 4471 clementem

165 4527 277 4588 facit.’'
