<?xml version="1.0" encoding="UTF-8"?>
<!DOCTYPE html PUBLIC "-//W3C//DTD XHTML 1.0 Transitional//EN"
    "http://www.w3.org/TR/xhtml1/DTD/xhtml1-transitional.dtd">
<html xmlns="http://www.w3.org/1999/xhtml" xml:lang="en" lang="en">
 <head>
  <title>
</title>
<meta http-equiv="Content-Type" content="text/html;charset=utf-8" />
  <meta name='ocr-system' content='tesseract 3.04.00' />
  <meta name='ocr-capabilities' content='ocr_page ocr_carea ocr_par ocr_line ocrx_word'/>
</head>
<body>
  <div class='ocr_page' id='page_1' title='image "./deterentioetdon00hartgoog_0240.png"; bbox 0 0 3234 5254; ppageno 0'>
   <div class='ocr_carea' id='block_1_1' title="bbox 739 702 803 781">
    <p class='ocr_par' dir='ltr' id='par_1_1' title="bbox 739 702 803 781">
     <span class='ocr_line' id='line_1_1' title="bbox 739 702 803 781; baseline 0 -20"><span class='ocrx_word' id='word_1_1' title='bbox 739 702 803 781; x_wconf 78' lang='lat' dir='ltr'>aas</span> 
     </span>
    </p>
   </div>
   <div class='ocr_carea' id='block_1_2' title="bbox 177 887 1357 4484">
    <p class='ocr_par' dir='ltr' id='par_1_2' title="bbox 181 887 1356 1419">
     <span class='ocr_line' id='line_1_2' title="bbox 183 887 1356 963; baseline 0.005 -17"><span class='ocrx_word' id='word_1_2' title='bbox 183 887 340 962; x_wconf 88' lang='lat' dir='ltr'>sapientis</span> <span class='ocrx_word' id='word_1_3' title='bbox 373 887 459 947; x_wconf 90' lang='lat' dir='ltr'>dicit.</span> <span class='ocrx_word' id='word_1_4' title='bbox 494 887 553 946; x_wconf 82' lang='lat' dir='ltr'>Est</span> <span class='ocrx_word' id='word_1_5' title='bbox 582 888 670 947; x_wconf 91' lang='lat' dir='ltr'>enim</span> <span class='ocrx_word' id='word_1_6' title='bbox 700 888 815 962; x_wconf 90' lang='lat' dir='ltr'>plenus</span> <span class='ocrx_word' id='word_1_7' title='bbox 844 889 1022 963; x_wconf 80' lang='lat' dir='ltr'>sapientiae</span> <span class='ocrx_word' id='word_1_8' title='bbox 1053 892 1086 950; x_wconf 93' lang='lat' dir='ltr'>et</span> <span class='ocrx_word' id='word_1_9' title='bbox 1116 907 1227 951; x_wconf 87' lang='lat' dir='ltr'>secum</span> <span class='ocrx_word' id='word_1_10' title='bbox 1258 893 1356 953; x_wconf 90' lang='lat' dir='ltr'>habet</span> 
     </span>
     <span class='ocr_line' id='line_1_3' title="bbox 182 1002 1354 1079; baseline 0.008 -21"><span class='ocrx_word' id='word_1_11' title='bbox 182 1002 440 1076; x_wconf 75' lang='lat' dir='ltr'><strong>promptuarium</strong></span> <span class='ocrx_word' id='word_1_12' title='bbox 459 1002 696 1062; x_wconf 90' lang='lat' dir='ltr'>sententiarum</span> <span class='ocrx_word' id='word_1_13' title='bbox 711 1002 750 1062; x_wconf 91' lang='lat' dir='ltr'>de</span> <span class='ocrx_word' id='word_1_14' title='bbox 762 1003 906 1063; x_wconf 88' lang='lat' dir='ltr'>moribus</span> <span class='ocrx_word' id='word_1_15' title='bbox 919 1005 1077 1079; x_wconf 76' lang='lat' dir='ltr'>corruptis</span> <span class='ocrx_word' id='word_1_16' title='bbox 1090 1007 1122 1064; x_wconf 96' lang='grc'>61</span> <span class='ocrx_word' id='word_1_17' title='bbox 1134 1007 1354 1068; x_wconf 77' lang='lat' dir='ltr'>emendandis,</span> 
     </span>
     <span class='ocr_line' id='line_1_4' title="bbox 181 1115 1086 1193; baseline 0.003 -19"><span class='ocrx_word' id='word_1_18' title='bbox 181 1116 262 1174; x_wconf 91' lang='lat' dir='ltr'>Vide</span> <span class='ocrx_word' id='word_1_19' title='bbox 285 1116 381 1176; x_wconf 88' lang='lat' dir='ltr'>modo</span> <span class='ocrx_word' id='word_1_20' title='bbox 404 1131 452 1175; x_wconf 75' lang='lat' dir='ltr'>vs,</span> <span class='ocrx_word' id='word_1_21' title='bbox 478 1117 520 1175; x_wconf 87' lang='lat'>60</span> <span class='ocrx_word' id='word_1_22' title='bbox 543 1131 601 1193; x_wconf 83' lang='lat' dir='ltr'>sq,</span> <span class='ocrx_word' id='word_1_23' title='bbox 626 1115 681 1175; x_wconf 93' lang='lat' dir='ltr'>ubi</span> <span class='ocrx_word' id='word_1_24' title='bbox 703 1117 750 1176; x_wconf 92' lang='lat' dir='ltr'>ita</span> <span class='ocrx_word' id='word_1_25' title='bbox 772 1117 913 1190; x_wconf 91' lang='lat' dir='ltr'>loquitur</span> <span class='ocrx_word' id='word_1_26' title='bbox 935 1117 1086 1177; x_wconf 88' lang='lat' dir='ltr'>libertus:</span> 
     </span>
     <span class='ocr_line' id='line_1_5' title="bbox 669 1230 1207 1306; baseline 0.006 -18"><span class='ocrx_word' id='word_1_27' title='bbox 669 1230 741 1289; x_wconf 88' lang='lat' dir='ltr'>Non</span> <span class='ocrx_word' id='word_1_28' title='bbox 763 1230 889 1306; x_wconf 90' lang='lat' dir='ltr'>iniuria,</span> <span class='ocrx_word' id='word_1_29' title='bbox 915 1246 992 1290; x_wconf 91' lang='lat' dir='ltr'>nam</span> <span class='ocrx_word' id='word_1_30' title='bbox 1015 1231 1048 1290; x_wconf 92' lang='lat' dir='ltr'>id</span> <span class='ocrx_word' id='word_1_31' title='bbox 1071 1232 1207 1291; x_wconf 80' lang='lat' dir='ltr'>arbitror</span> 
     </span>
     <span class='ocr_line' id='line_1_6' title="bbox 315 1343 1136 1419; baseline -0.002 -15"><span class='ocrx_word' id='word_1_32' title='bbox 315 1344 468 1419; x_wconf 82' lang='lat' dir='ltr'>Apprime</span> <span class='ocrx_word' id='word_1_33' title='bbox 492 1343 526 1402; x_wconf 93' lang='lat' dir='ltr'>in</span> <span class='ocrx_word' id='word_1_34' title='bbox 549 1343 617 1403; x_wconf 90' lang='lat' dir='ltr'>vita</span> <span class='ocrx_word' id='word_1_35' title='bbox 640 1358 712 1402; x_wconf 91' lang='lat' dir='ltr'>esse</span> <span class='ocrx_word' id='word_1_36' title='bbox 735 1343 815 1402; x_wconf 88' lang='lat' dir='ltr'>utile</span> <span class='ocrx_word' id='word_1_37' title='bbox 838 1345 875 1402; x_wconf 93' lang='lat' dir='ltr'>ut</span> <span class='ocrx_word' id='word_1_38' title='bbox 897 1344 1014 1417; x_wconf 87' lang='lat' dir='ltr'>nequid</span> <span class='ocrx_word' id='word_1_39' title='bbox 1037 1344 1136 1406; x_wconf 87' lang='lat' dir='ltr'>nimis</span> 
     </span>
    </p>

    <p class='ocr_par' dir='ltr' id='par_1_3' title="bbox 182 1456 1357 1758">
     <span class='ocr_line' id='line_1_7' title="bbox 182 1456 1357 1531; baseline 0.005 -17"><span class='ocrx_word' id='word_1_40' title='bbox 182 1456 215 1514; x_wconf 92' lang='lat' dir='ltr'>et</span> <span class='ocrx_word' id='word_1_41' title='bbox 257 1456 437 1517; x_wconf 85' lang='lat' dir='ltr'>Scholiasta</span> <span class='ocrx_word' id='word_1_42' title='bbox 478 1457 722 1517; x_wconf 88' lang='lat' dir='ltr'>annotationem</span> <span class='ocrx_word' id='word_1_43' title='bbox 756 1457 847 1531; x_wconf 91' lang='lat' dir='ltr'>ponit</span> <span class='ocrx_word' id='word_1_44' title='bbox 881 1460 1054 1531; x_wconf 84' lang='lat' dir='ltr'>cognatam</span> <span class='ocrx_word' id='word_1_45' title='bbox 1087 1459 1183 1518; x_wconf 91' lang='lat' dir='ltr'>modo</span> <span class='ocrx_word' id='word_1_46' title='bbox 1218 1460 1357 1520; x_wconf 90' lang='lat' dir='ltr'>citatae:</span> 
     </span>
     <span class='ocr_line' id='line_1_8' title="bbox 183 1569 1355 1647; baseline 0.004 -20"><span class='ocrx_word' id='word_1_47' title='bbox 183 1569 433 1644; x_wconf 87' lang='lat' dir='ltr'>,intempestive</span> <span class='ocrx_word' id='word_1_48' title='bbox 456 1571 548 1630; x_wconf 89' lang='lat' dir='ltr'>Sosia</span> <span class='ocrx_word' id='word_1_49' title='bbox 570 1571 743 1647; x_wconf 85' lang='lat' dir='ltr'>respondit,</span> <span class='ocrx_word' id='word_1_50' title='bbox 768 1572 825 1630; x_wconf 91' lang='lat' dir='ltr'>sed</span> <span class='ocrx_word' id='word_1_51' title='bbox 848 1571 1018 1644; x_wconf 90' lang='lat' dir='ltr'>prudentia</span> <span class='ocrx_word' id='word_1_52' title='bbox 1039 1574 1152 1632; x_wconf 91' lang='lat' dir='ltr'>tamen</span> <span class='ocrx_word' id='word_1_53' title='bbox 1174 1574 1355 1632; x_wconf 87' lang='lat' dir='ltr'>sententiae</span> 
     </span>
     <span class='ocr_line' id='line_1_9' title="bbox 182 1669 1004 1758; baseline 0.001 -17"><span class='ocrx_word' id='word_1_54' title='bbox 182 1684 405 1758; x_wconf 81' lang='lat' dir='ltr'>compensavit</span> <span class='ocrx_word' id='word_1_55' title='bbox 428 1683 740 1758; x_wconf 88' lang='lat' dir='ltr'>importunitatem.&#39;’</span> <span class='ocrx_word' id='word_1_56' title='bbox 1002 1669 1004 1674; x_wconf 64' lang='grc'><strong>’</strong></span> 
     </span>
    </p>

    <p class='ocr_par' dir='ltr' id='par_1_4' title="bbox 226 1796 897 1872">
     <span class='ocr_line' id='line_1_10' title="bbox 226 1796 897 1872; baseline 0.001 -17"><span class='ocrx_word' id='word_1_57' title='bbox 226 1796 309 1855; x_wconf 84' lang='grc' dir='ltr'>Τ11111</span> <span class='ocrx_word' id='word_1_58' title='bbox 331 1797 379 1856; x_wconf 86' lang='lat' dir='ltr'>sic</span> <span class='ocrx_word' id='word_1_59' title='bbox 402 1812 503 1857; x_wconf 84' lang='lat' dir='ltr'>senex</span> <span class='ocrx_word' id='word_1_60' title='bbox 525 1798 630 1872; x_wconf 90' lang='lat' dir='ltr'>pergit</span> <span class='ocrx_word' id='word_1_61' title='bbox 654 1801 712 1867; x_wconf 91' lang='lat' dir='ltr'>(vs.</span> <span class='ocrx_word' id='word_1_62' title='bbox 738 1798 897 1869; x_wconf 61' lang='lat' dir='ltr'>rsa-oen</span> 
     </span>
    </p>

    <p class='ocr_par' dir='ltr' id='par_1_5' title="bbox 315 1911 1155 1988">
     <span class='ocr_line' id='line_1_11' title="bbox 315 1911 1155 1988; baseline 0.001 -17"><span class='ocrx_word' id='word_1_63' title='bbox 315 1912 367 1972; x_wconf 90' lang='lat' dir='ltr'>Sic</span> <span class='ocrx_word' id='word_1_64' title='bbox 389 1913 459 1971; x_wconf 88' lang='lat' dir='ltr'>vita</span> <span class='ocrx_word' id='word_1_65' title='bbox 482 1915 567 1972; x_wconf 89' lang='lat' dir='ltr'>erat:</span> <span class='ocrx_word' id='word_1_66' title='bbox 592 1911 686 1972; x_wconf 81' lang='lat' dir='ltr'>facile</span> <span class='ocrx_word' id='word_1_67' title='bbox 710 1927 823 1972; x_wconf 89' lang='lat' dir='ltr'>omnes</span> <span class='ocrx_word' id='word_1_68' title='bbox 846 1913 986 1986; x_wconf 76' lang='lat' dir='ltr'>perterre</span> <span class='ocrx_word' id='word_1_69' title='bbox 1011 1929 1048 1972; x_wconf 92' lang='lat' dir='ltr'>ac</span> <span class='ocrx_word' id='word_1_70' title='bbox 1071 1913 1155 1988; x_wconf 91' lang='lat' dir='ltr'>pati:</span> 
     </span>
    </p>

    <p class='ocr_par' dir='ltr' id='par_1_6' title="bbox 314 2024 1234 2100">
     <span class='ocr_line' id='line_1_12' title="bbox 314 2024 1234 2100; baseline 0.001 -15"><span class='ocrx_word' id='word_1_71' title='bbox 314 2024 395 2085; x_wconf 80' lang='lat' dir='ltr'>Cum</span> <span class='ocrx_word' id='word_1_72' title='bbox 419 2026 534 2099; x_wconf 91' lang='lat' dir='ltr'>quibus</span> <span class='ocrx_word' id='word_1_73' title='bbox 558 2027 628 2084; x_wconf 91' lang='lat' dir='ltr'>erat</span> <span class='ocrx_word' id='word_1_74' title='bbox 650 2040 812 2098; x_wconf 91' lang='lat' dir='ltr'>quomque</span> <span class='ocrx_word' id='word_1_75' title='bbox 835 2041 909 2100; x_wconf 90' lang='lat' dir='ltr'>una,</span> <span class='ocrx_word' id='word_1_76' title='bbox 935 2026 982 2085; x_wconf 93' lang='lat' dir='ltr'>eis</span> <span class='ocrx_word' id='word_1_77' title='bbox 1006 2042 1079 2086; x_wconf 89' lang='lat' dir='ltr'>sese</span> <span class='ocrx_word' id='word_1_78' title='bbox 1102 2028 1234 2086; x_wconf 90' lang='lat' dir='ltr'>debere:</span> 
     </span>
    </p>

    <p class='ocr_par' dir='ltr' id='par_1_7' title="bbox 314 2137 1075 2214">
     <span class='ocr_line' id='line_1_13' title="bbox 314 2137 1075 2214; baseline -0.003 -16"><span class='ocrx_word' id='word_1_79' title='bbox 314 2139 433 2198; x_wconf 86' lang='lat' dir='ltr'>Eorum</span> <span class='ocrx_word' id='word_1_80' title='bbox 456 2139 588 2212; x_wconf 88' lang='lat' dir='ltr'>obsequi</span> <span class='ocrx_word' id='word_1_81' title='bbox 611 2137 737 2213; x_wconf 72' lang='lat' dir='ltr'>studiis</span> <span class='ocrx_word' id='word_1_82' title='bbox 762 2139 919 2198; x_wconf 87' lang='lat' dir='ltr'>advorsus</span> <span class='ocrx_word' id='word_1_83' title='bbox 943 2139 1075 2214; x_wconf 91' lang='lat' dir='ltr'>nemini,</span> 
     </span>
    </p>

    <p class='ocr_par' dir='ltr' id='par_1_8' title="bbox 313 2251 1112 2327">
     <span class='ocr_line' id='line_1_14' title="bbox 313 2251 1112 2327; baseline 0.001 -16"><span class='ocrx_word' id='word_1_84' title='bbox 313 2253 486 2326; x_wconf 88' lang='lat' dir='ltr'>Nunquam</span> <span class='ocrx_word' id='word_1_85' title='bbox 509 2267 709 2326; x_wconf 90' lang='lat' dir='ltr'>praeponens</span> <span class='ocrx_word' id='word_1_86' title='bbox 732 2267 768 2310; x_wconf 92' lang='lat' dir='ltr'>se</span> <span class='ocrx_word' id='word_1_87' title='bbox 791 2251 864 2327; x_wconf 90' lang='lat' dir='ltr'>illis,</span> <span class='ocrx_word' id='word_1_88' title='bbox 890 2252 937 2311; x_wconf 92' lang='lat' dir='ltr'>ita</span> <span class='ocrx_word' id='word_1_89' title='bbox 959 2253 1112 2312; x_wconf 87' lang='lat' dir='ltr'>facillime</span> 
     </span>
    </p>

    <p class='ocr_par' dir='ltr' id='par_1_9' title="bbox 179 2365 1354 3125">
     <span class='ocr_line' id='line_1_15' title="bbox 313 2365 1185 2440; baseline 0.002 -17"><span class='ocrx_word' id='word_1_90' title='bbox 313 2365 387 2424; x_wconf 85' lang='lat' dir='ltr'>Sine</span> <span class='ocrx_word' id='word_1_91' title='bbox 410 2366 532 2425; x_wconf 90' lang='lat' dir='ltr'>invidia</span> <span class='ocrx_word' id='word_1_92' title='bbox 554 2365 684 2424; x_wconf 90' lang='lat' dir='ltr'>laudem</span> <span class='ocrx_word' id='word_1_93' title='bbox 707 2365 855 2424; x_wconf 84' lang='lat' dir='ltr'>invenias</span> <span class='ocrx_word' id='word_1_94' title='bbox 880 2368 912 2425; x_wconf 90' lang='lat' dir='ltr'>et</span> <span class='ocrx_word' id='word_1_95' title='bbox 935 2367 1058 2426; x_wconf 85' lang='lat' dir='ltr'>amicos</span> <span class='ocrx_word' id='word_1_96' title='bbox 1081 2381 1185 2440; x_wconf 89' lang='lat' dir='ltr'>pares.</span> 
     </span>
     <span class='ocr_line' id='line_1_16' title="bbox 179 2477 1354 2555; baseline 0.001 -15"><span class='ocrx_word' id='word_1_97' title='bbox 179 2479 350 2554; x_wconf 88' lang='lat' dir='ltr'>Recipiunt</span> <span class='ocrx_word' id='word_1_98' title='bbox 379 2480 477 2552; x_wconf 91' lang='lat' dir='ltr'>vulgo</span> <span class='ocrx_word' id='word_1_99' title='bbox 507 2478 570 2537; x_wconf 91' lang='lat' dir='ltr'>viri</span> <span class='ocrx_word' id='word_1_100' title='bbox 596 2479 681 2538; x_wconf 90' lang='lat' dir='ltr'>docti</span> <span class='ocrx_word' id='word_1_101' title='bbox 704 2477 842 2552; x_wconf 76' lang='lat' dir='ltr'>Bentleii</span> <span class='ocrx_word' id='word_1_102' title='bbox 866 2480 1161 2555; x_wconf 86' lang='lat' dir='ltr'>transpositionem,</span> <span class='ocrx_word' id='word_1_103' title='bbox 1186 2482 1223 2540; x_wconf 93' lang='lat' dir='ltr'>ut</span> <span class='ocrx_word' id='word_1_104' title='bbox 1246 2484 1279 2540; x_wconf 92' lang='lat' dir='ltr'>et</span> <span class='ocrx_word' id='word_1_105' title='bbox 1302 2481 1354 2542; x_wconf 89' lang='lat' dir='ltr'>hic</span> 
     </span>
     <span class='ocr_line' id='line_1_17' title="bbox 180 2592 1353 2667; baseline 0.001 -13"><span class='ocrx_word' id='word_1_106' title='bbox 180 2595 299 2667; x_wconf 89' lang='lat' dir='ltr'>aliquid</span> <span class='ocrx_word' id='word_1_107' title='bbox 330 2594 436 2654; x_wconf 89' lang='lat' dir='ltr'>delere</span> <span class='ocrx_word' id='word_1_108' title='bbox 466 2592 601 2667; x_wconf 90' lang='lat' dir='ltr'>possint.</span> <span class='ocrx_word' id='word_1_109' title='bbox 625 2592 752 2666; x_wconf 86' lang='lat' dir='ltr'>Legunt</span> <span class='ocrx_word' id='word_1_110' title='bbox 775 2607 850 2665; x_wconf 87' lang='lat' dir='ltr'>ergo</span> <span class='ocrx_word' id='word_1_111' title='bbox 873 2593 1033 2652; x_wconf 91' lang='lat' dir='ltr'>studiis</span> <span class='ocrx_word' id='word_1_112' title='bbox 1057 2594 1233 2667; x_wconf 88' lang='lat' dir='ltr'>obsequi</span> <span class='ocrx_word' id='word_1_113' title='bbox 1256 2595 1353 2655; x_wconf 90' lang='lat' dir='ltr'>inclu-</span> 
     </span>
     <span class='ocr_line' id='line_1_18' title="bbox 180 2705 1354 2782; baseline 0.001 -15"><span class='ocrx_word' id='word_1_114' title='bbox 180 2708 322 2782; x_wconf 91' lang='lat' dir='ltr'>duntque</span> <span class='ocrx_word' id='word_1_115' title='bbox 357 2709 564 2767; x_wconf 88' lang='lat' dir='ltr'>advorsus</span> <span class='ocrx_word' id='word_1_116' title='bbox 601 2705 758 2765; x_wconf 83' lang='lat' dir='ltr'>...illis</span> <span class='ocrx_word' id='word_1_117' title='bbox 795 2705 856 2764; x_wconf 87' lang='lat' dir='ltr'>Sed</span> <span class='ocrx_word' id='word_1_118' title='bbox 888 2721 946 2780; x_wconf 87' lang='lat' dir='ltr'>ego</span> <span class='ocrx_word' id='word_1_119' title='bbox 977 2706 1033 2765; x_wconf 90' lang='lat' dir='ltr'>illa</span> <span class='ocrx_word' id='word_1_120' title='bbox 1062 2708 1161 2766; x_wconf 89' lang='lat' dir='ltr'>verba</span> <span class='ocrx_word' id='word_1_121' title='bbox 1191 2709 1354 2768; x_wconf 89' lang='lat' dir='ltr'>mordicus</span> 
     </span>
     <span class='ocr_line' id='line_1_19' title="bbox 180 2819 1352 2896; baseline 0.002 -16"><span class='ocrx_word' id='word_1_122' title='bbox 180 2822 312 2881; x_wconf 86' lang='lat' dir='ltr'>retinen.</span> <span class='ocrx_word' id='word_1_123' title='bbox 334 2821 465 2896; x_wconf 78' lang='lat' dir='ltr'>Quando</span> <span class='ocrx_word' id='word_1_124' title='bbox 485 2820 573 2879; x_wconf 89' lang='lat' dir='ltr'>enim</span> <span class='ocrx_word' id='word_1_125' title='bbox 592 2820 766 2878; x_wconf 90' lang='lat' dir='ltr'>verbosum</span> <span class='ocrx_word' id='word_1_126' title='bbox 785 2833 898 2877; x_wconf 93' lang='lat' dir='ltr'>senem</span> <span class='ocrx_word' id='word_1_127' title='bbox 918 2819 1024 2892; x_wconf 90' lang='lat' dir='ltr'>magis</span> <span class='ocrx_word' id='word_1_128' title='bbox 1044 2820 1136 2879; x_wconf 91' lang='lat' dir='ltr'>decet</span> <span class='ocrx_word' id='word_1_129' title='bbox 1155 2821 1225 2894; x_wconf 89' lang='lat' dir='ltr'>ipsa</span> <span class='ocrx_word' id='word_1_130' title='bbox 1244 2824 1352 2882; x_wconf 92' lang='lat' dir='ltr'>verbo-</span> 
     </span>
     <span class='ocr_line' id='line_1_20' title="bbox 179 2930 1352 3008; baseline 0 -14"><span class='ocrx_word' id='word_1_131' title='bbox 179 2936 261 2994; x_wconf 89' lang='lat' dir='ltr'>sitas</span> <span class='ocrx_word' id='word_1_132' title='bbox 288 2950 386 3008; x_wconf 91' lang='lat' dir='ltr'>quam</span> <span class='ocrx_word' id='word_1_133' title='bbox 412 2934 467 2993; x_wconf 91' lang='lat' dir='ltr'>ubi</span> <span class='ocrx_word' id='word_1_134' title='bbox 490 2932 642 2992; x_wconf 87' lang='lat' dir='ltr'>describit</span> <span class='ocrx_word' id='word_1_135' title='bbox 665 2932 801 2990; x_wconf 89' lang='lat' dir='ltr'>dilectus</span> <span class='ocrx_word' id='word_1_136' title='bbox 825 2947 904 2991; x_wconf 90' lang='lat' dir='ltr'>suus</span> <span class='ocrx_word' id='word_1_137' title='bbox 926 2930 1045 2991; x_wconf 88' lang='lat' dir='ltr'>filiolus</span> <span class='ocrx_word' id='word_1_138' title='bbox 1069 2948 1132 3005; x_wconf 92' lang='lat' dir='ltr'>qua</span> <span class='ocrx_word' id='word_1_139' title='bbox 1154 2934 1251 2994; x_wconf 83' lang='lat' dir='ltr'>fuerit</span> <span class='ocrx_word' id='word_1_140' title='bbox 1274 2936 1352 2995; x_wconf 91' lang='lat' dir='ltr'>olim</span> 
     </span>
     <span class='ocr_line' id='line_1_21' title="bbox 179 3047 827 3125; baseline -0.005 -18"><span class='ocrx_word' id='word_1_141' title='bbox 179 3049 321 3125; x_wconf 88' lang='lat' dir='ltr'>lenitate,</span> <span class='ocrx_word' id='word_1_142' title='bbox 348 3048 530 3122; x_wconf 89' lang='lat' dir='ltr'>clementia,</span> <span class='ocrx_word' id='word_1_143' title='bbox 555 3047 827 3106; x_wconf 88' lang='lat' dir='ltr'>mansuetudine?</span> 
     </span>
    </p>

    <p class='ocr_par' dir='ltr' id='par_1_10' title="bbox 179 3159 1352 3350">
     <span class='ocr_line' id='line_1_22' title="bbox 224 3159 1352 3236; baseline 0 -14"><span class='ocrx_word' id='word_1_144' title='bbox 224 3164 276 3222; x_wconf 85' lang='lat'>67.</span> <span class='ocrx_word' id='word_1_145' title='bbox 290 3162 352 3222; x_wconf 91' lang='lat' dir='ltr'>Hic</span> <span class='ocrx_word' id='word_1_146' title='bbox 375 3176 499 3236; x_wconf 92' lang='lat' dir='ltr'>quoque</span> <span class='ocrx_word' id='word_1_147' title='bbox 523 3175 644 3234; x_wconf 90' lang='lat' dir='ltr'>coquus</span> <span class='ocrx_word' id='word_1_148' title='bbox 668 3159 831 3218; x_wconf 88' lang='lat' dir='ltr'>continere</span> <span class='ocrx_word' id='word_1_149' title='bbox 854 3174 889 3219; x_wconf 89' lang='lat' dir='ltr'>se</span> <span class='ocrx_word' id='word_1_150' title='bbox 913 3174 977 3218; x_wconf 91' lang='lat' dir='ltr'>non</span> <span class='ocrx_word' id='word_1_151' title='bbox 1000 3162 1107 3233; x_wconf 87' lang='lat' dir='ltr'>potest</span> <span class='ocrx_word' id='word_1_152' title='bbox 1126 3161 1203 3233; x_wconf 90' lang='lat' dir='ltr'>quin</span> <span class='ocrx_word' id='word_1_153' title='bbox 1223 3163 1352 3236; x_wconf 89' lang='lat' dir='ltr'>sapiens</span> 
     </span>
     <span class='ocr_line' id='line_1_23' title="bbox 179 3270 468 3350; baseline 0 -16"><span class='ocrx_word' id='word_1_154' title='bbox 179 3276 302 3335; x_wconf 91' lang='lat' dir='ltr'>dictum</span> <span class='ocrx_word' id='word_1_155' title='bbox 324 3270 468 3350; x_wconf 85' lang='lat' dir='ltr'>promat:¹</span> 
     </span>
    </p>

    <p class='ocr_par' dir='ltr' id='par_1_11' title="bbox 178 3387 1352 3917">
     <span class='ocr_line' id='line_1_24' title="bbox 313 3387 1205 3464; baseline -0.001 -16"><span class='ocrx_word' id='word_1_156' title='bbox 313 3389 481 3464; x_wconf 89' lang='lat' dir='ltr'>Sapienter</span> <span class='ocrx_word' id='word_1_157' title='bbox 503 3387 607 3446; x_wconf 90' lang='lat' dir='ltr'>vitam</span> <span class='ocrx_word' id='word_1_158' title='bbox 629 3387 788 3447; x_wconf 90' lang='lat' dir='ltr'>instituit:</span> <span class='ocrx_word' id='word_1_159' title='bbox 813 3402 953 3460; x_wconf 91' lang='lat' dir='ltr'>namque</span> <span class='ocrx_word' id='word_1_160' title='bbox 976 3387 1037 3446; x_wconf 88' lang='lat' dir='ltr'>hoe</span> <span class='ocrx_word' id='word_1_161' title='bbox 1059 3388 1205 3461; x_wconf 87' lang='lat' dir='ltr'>tempore</span> 
     </span>
     <span class='ocr_line' id='line_1_25' title="bbox 312 3499 1061 3575; baseline -0.004 -13"><span class='ocrx_word' id='word_1_162' title='bbox 312 3501 509 3575; x_wconf 89' lang='lat' dir='ltr'>Obsequium</span> <span class='ocrx_word' id='word_1_163' title='bbox 533 3500 664 3575; x_wconf 90' lang='lat' dir='ltr'>amicos,</span> <span class='ocrx_word' id='word_1_164' title='bbox 689 3500 812 3559; x_wconf 89' lang='lat' dir='ltr'>veritas</span> <span class='ocrx_word' id='word_1_165' title='bbox 835 3499 945 3560; x_wconf 93' lang='lat' dir='ltr'>odium</span> <span class='ocrx_word' id='word_1_166' title='bbox 968 3499 1061 3574; x_wconf 89' lang='lat' dir='ltr'>parit.</span> 
     </span>
     <span class='ocr_line' id='line_1_26' title="bbox 178 3613 1352 3691; baseline 0 -17"><span class='ocrx_word' id='word_1_167' title='bbox 178 3615 237 3675; x_wconf 81' lang='lat' dir='ltr'>Est</span> <span class='ocrx_word' id='word_1_168' title='bbox 260 3616 357 3691; x_wconf 92' lang='lat' dir='ltr'>enim,</span> <span class='ocrx_word' id='word_1_169' title='bbox 382 3614 466 3688; x_wconf 90' lang='lat' dir='ltr'>quod</span> <span class='ocrx_word' id='word_1_170' title='bbox 485 3614 523 3672; x_wconf 96' lang='lat' dir='ltr'>de</span> <span class='ocrx_word' id='word_1_171' title='bbox 543 3613 689 3686; x_wconf 89' lang='lat' dir='ltr'>sapiente</span> <span class='ocrx_word' id='word_1_172' title='bbox 710 3627 809 3685; x_wconf 91' lang='lat' dir='ltr'>coquo</span> <span class='ocrx_word' id='word_1_173' title='bbox 830 3615 1008 3689; x_wconf 83' lang='lat' dir='ltr'>exspectes,</span> <span class='ocrx_word' id='word_1_174' title='bbox 1030 3613 1177 3673; x_wconf 89' lang='lat' dir='ltr'>laudator</span> <span class='ocrx_word' id='word_1_175' title='bbox 1196 3616 1352 3688; x_wconf 88' lang='lat' dir='ltr'>temporis</span> 
     </span>
     <span class='ocr_line' id='line_1_27' title="bbox 179 3723 1352 3804; baseline 0 -16"><span class='ocrx_word' id='word_1_176' title='bbox 179 3729 243 3788; x_wconf 92' lang='lat' dir='ltr'>acti</span> <span class='ocrx_word' id='word_1_177' title='bbox 266 3745 302 3788; x_wconf 90' lang='lat' dir='ltr'>se</span> <span class='ocrx_word' id='word_1_178' title='bbox 325 3743 432 3804; x_wconf 88' lang='lat' dir='ltr'>puero,</span> <span class='ocrx_word' id='word_1_179' title='bbox 458 3723 566 3800; x_wconf 89' lang='lat' dir='ltr'>itaque</span> <span class='ocrx_word' id='word_1_180' title='bbox 589 3725 689 3785; x_wconf 91' lang='lat' dir='ltr'>simul</span> <span class='ocrx_word' id='word_1_181' title='bbox 711 3741 790 3784; x_wconf 90' lang='lat' dir='ltr'>suae</span> <span class='ocrx_word' id='word_1_182' title='bbox 813 3725 958 3801; x_wconf 85' lang='lat' dir='ltr'>indulget</span> <span class='ocrx_word' id='word_1_183' title='bbox 981 3727 1159 3801; x_wconf 89' lang='lat' dir='ltr'>sapientiae</span> <span class='ocrx_word' id='word_1_184' title='bbox 1183 3730 1216 3786; x_wconf 91' lang='lat' dir='ltr'>et</span> <span class='ocrx_word' id='word_1_185' title='bbox 1238 3731 1352 3801; x_wconf 83' lang='lat' dir='ltr'>poetae</span> 
     </span>
     <span class='ocr_line' id='line_1_28' title="bbox 179 3841 544 3917; baseline -0.005 -15"><span class='ocrx_word' id='word_1_186' title='bbox 179 3843 312 3902; x_wconf 90' lang='lat' dir='ltr'>adiuvat</span> <span class='ocrx_word' id='word_1_187' title='bbox 334 3841 544 3917; x_wconf 91' lang='lat' dir='ltr'>propositum.</span> 
     </span>
    </p>

    <p class='ocr_par' dir='ltr' id='par_1_12' title="bbox 178 3952 1352 4244">
     <span class='ocr_line' id='line_1_29' title="bbox 222 3952 1351 4025; baseline -0.001 -11"><span class='ocrx_word' id='word_1_188' title='bbox 222 3956 287 4015; x_wconf 90' lang='lat' dir='ltr'>Vix</span> <span class='ocrx_word' id='word_1_189' title='bbox 313 3956 437 4016; x_wconf 89' lang='lat' dir='ltr'>audivit</span> <span class='ocrx_word' id='word_1_190' title='bbox 468 3953 560 4013; x_wconf 91' lang='lat' dir='ltr'>Sosia</span> <span class='ocrx_word' id='word_1_191' title='bbox 587 3952 665 4012; x_wconf 91' lang='lat' dir='ltr'>illud</span> <span class='ocrx_word' id='word_1_192' title='bbox 688 3952 727 4012; x_wconf 90' lang='lat' dir='ltr'>de</span> <span class='ocrx_word' id='word_1_193' title='bbox 750 3952 886 4011; x_wconf 88' lang='lat' dir='ltr'>muliere</span> <span class='ocrx_word' id='word_1_194' title='bbox 909 3952 1053 4012; x_wconf 84' lang='lat' dir='ltr'>formosa</span> <span class='ocrx_word' id='word_1_195' title='bbox 1075 3968 1156 4025; x_wconf 88' lang='lat' dir='ltr'>quae</span> <span class='ocrx_word' id='word_1_196' title='bbox 1181 3969 1222 4013; x_wconf 93' lang='lat' dir='ltr'>ex</span> <span class='ocrx_word' id='word_1_197' title='bbox 1245 3954 1351 4014; x_wconf 90' lang='lat' dir='ltr'>insula</span> 
     </span>
     <span class='ocr_line' id='line_1_30' title="bbox 178 4067 1352 4142; baseline 0 -13"><span class='ocrx_word' id='word_1_198' title='bbox 178 4070 287 4129; x_wconf 90' lang='lat' dir='ltr'>Andro</span> <span class='ocrx_word' id='word_1_199' title='bbox 317 4070 464 4130; x_wconf 85' lang='lat' dir='ltr'>Athenas</span> <span class='ocrx_word' id='word_1_200' title='bbox 494 4067 685 4140; x_wconf 85' lang='lat' dir='ltr'>migraverit</span> <span class='ocrx_word' id='word_1_201' title='bbox 715 4068 919 4140; x_wconf 81' lang='lat' dir='ltr'>simonisque</span> <span class='ocrx_word' id='word_1_202' title='bbox 950 4067 994 4125; x_wconf 89' lang='lat' dir='ltr'>sit</span> <span class='ocrx_word' id='word_1_203' title='bbox 1025 4067 1111 4125; x_wconf 89' lang='lat' dir='ltr'>iacta</span> <span class='ocrx_word' id='word_1_204' title='bbox 1142 4068 1248 4127; x_wconf 91' lang='lat' dir='ltr'>vicina</span> <span class='ocrx_word' id='word_1_205' title='bbox 1275 4070 1352 4142; x_wconf 90' lang='lat' dir='ltr'>quin</span> 
     </span>
     <span class='ocr_line' id='line_1_31' title="bbox 178 4184 357 4244; baseline 0 -2"><span class='ocrx_word' id='word_1_206' title='bbox 178 4184 357 4244; x_wconf 85' lang='lat' dir='ltr'>exclamet:</span> 
     </span>
    </p>

    <p class='ocr_par' dir='ltr' id='par_1_13' title="bbox 177 4291 1349 4484">
     <span class='ocr_line' id='line_1_32' title="bbox 310 4291 1084 4373; baseline -0.005 -17"><span class='ocrx_word' id='word_1_207' title='bbox 310 4296 357 4373; x_wconf 83' lang='lat' dir='ltr'>Ei,</span> <span class='ocrx_word' id='word_1_208' title='bbox 381 4308 496 4356; x_wconf 90' lang='lat' dir='ltr'>vereor</span> <span class='ocrx_word' id='word_1_209' title='bbox 518 4310 559 4354; x_wconf 90' lang='lat' dir='ltr'>ne</span> <span class='ocrx_word' id='word_1_210' title='bbox 581 4294 657 4368; x_wconf 93' lang='lat' dir='ltr'>quid</span> <span class='ocrx_word' id='word_1_211' title='bbox 680 4293 802 4354; x_wconf 84' lang='lat' dir='ltr'>Andria</span> <span class='ocrx_word' id='word_1_212' title='bbox 826 4295 973 4368; x_wconf 88' lang='lat' dir='ltr'>apportet</span> <span class='ocrx_word' id='word_1_213' title='bbox 995 4291 1084 4352; x_wconf 90' lang='lat' dir='ltr'>mali.</span> 
     </span>
     <span class='ocr_line' id='line_1_33' title="bbox 177 4406 1349 4484; baseline 0 -15"><span class='ocrx_word' id='word_1_214' title='bbox 177 4410 383 4484; x_wconf 81' lang='lat' dir='ltr'>Excogitavit</span> <span class='ocrx_word' id='word_1_215' title='bbox 405 4424 576 4483; x_wconf 90' lang='lat' dir='ltr'>personam</span> <span class='ocrx_word' id='word_1_216' title='bbox 601 4407 769 4466; x_wconf 82' lang='lat' dir='ltr'>Terentius</span> <span class='ocrx_word' id='word_1_217' title='bbox 791 4409 828 4466; x_wconf 92' lang='lat' dir='ltr'>ut</span> <span class='ocrx_word' id='word_1_218' title='bbox 851 4407 984 4465; x_wconf 87' lang='lat' dir='ltr'>haberet</span> <span class='ocrx_word' id='word_1_219' title='bbox 1002 4420 1104 4464; x_wconf 90' lang='lat' dir='ltr'>senex</span> <span class='ocrx_word' id='word_1_220' title='bbox 1124 4406 1175 4464; x_wconf 89' lang='lat' dir='ltr'>eui</span> <span class='ocrx_word' id='word_1_221' title='bbox 1194 4411 1349 4469; x_wconf 90' lang='lat' dir='ltr'>narraret.</span> 
     </span>
    </p>
   </div>
   <div class='ocr_carea' id='block_1_3' title="bbox 178 4517 1351 4666">
    <p class='ocr_par' dir='ltr' id='par_1_14' title="bbox 178 4517 1351 4666">
     <span class='ocr_line' id='line_1_34' title="bbox 178 4517 1351 4596; baseline -0.001 -14"><span class='ocrx_word' id='word_1_222' title='bbox 178 4524 350 4584; x_wconf 90' lang='lat' dir='ltr'>Poteratne</span> <span class='ocrx_word' id='word_1_223' title='bbox 381 4523 568 4596; x_wconf 91' lang='lat' dir='ltr'>lepidiorem</span> <span class='ocrx_word' id='word_1_224' title='bbox 600 4520 783 4593; x_wconf 88' lang='lat' dir='ltr'>excogitare</span> <span class='ocrx_word' id='word_1_225' title='bbox 807 4534 906 4592; x_wconf 90' lang='lat' dir='ltr'>quam</span> <span class='ocrx_word' id='word_1_226' title='bbox 929 4517 981 4576; x_wconf 89' lang='lat' dir='ltr'>hic</span> <span class='ocrx_word' id='word_1_227' title='bbox 1005 4520 1055 4577; x_wconf 88' lang='lat' dir='ltr'>est</span> <span class='ocrx_word' id='word_1_228' title='bbox 1079 4518 1179 4594; x_wconf 89' lang='lat' dir='ltr'>Sosia,</span> <span class='ocrx_word' id='word_1_229' title='bbox 1204 4521 1258 4592; x_wconf 91' lang='lat' dir='ltr'>qui</span> <span class='ocrx_word' id='word_1_230' title='bbox 1281 4523 1351 4581; x_wconf 90' lang='lat' dir='ltr'>tam</span> 
     </span>
     <span class='ocr_line' id='line_1_35' title="bbox 1220 4624 1247 4666; baseline 0.037 -1"><span class='ocrx_word' id='word_1_231' title='bbox 1220 4624 1247 4666; x_wconf 81' lang='grc'>11</span> 
     </span>
    </p>
   </div>
   <div class='ocr_carea' id='block_1_4' title="bbox 0 0 1622 5254">
    <p class='ocr_par' dir='ltr' id='par_1_15' title="bbox 0 0 1622 5254">
     <span class='ocr_line' id='line_1_36' title="bbox 0 0 1622 5254; baseline 0 1"><span class='ocrx_word' id='word_1_232' title='bbox 0 0 1622 5254; x_wconf 95' lang='lat' dir='ltr'> </span> 
     </span>
    </p>
   </div>
  </div>
 </body>
</html>
