3230 5260
702 651 763 710 143

142 860 205 920 pro
238 844 343 919 priore
377 841 577 918 opposuit
606 839 779 900 Klotziana
809 839 907 899 habet
938 840 1178 918 proposuit,
1211 842 1320 903 minus

143 961 235 1018 recte
257 975 314 1033 pro
338 958 439 1018 altero
465 956 675 1031 apposuit.

194 1073 245 1131 26.
281 1071 395 1130 Verbis
431 1071 681 1147 „argumentum
711 1068 867 1128 falsarum
901 1069 1108 1143 nuptiarum”
1142 1069 1321 1129 Scholiasta

144 1187 180 1245 et
215 1185 268 1244 hic
303 1187 336 1244 et
370 1184 446 1244 alibi
476 1181 654 1256 significat:
686 1183 925 1258 argumentum,
951 1197 1013 1254 quo
1036 1182 1146 1241 Davus
1168 1198 1248 1242 usus
1273 1185 1323 1242 est

144 1299 188 1358 ad
222 1297 510 1357 demonstrandum
545 1311 580 1354 se
615 1295 736 1369 optime
771 1294 950 1368 intelligere
981 1293 1059 1369 fingi
1091 1311 1110 1355 a
1140 1312 1226 1372 sene,
1259 1311 1323 1356 11011

143 1413 253 1486 parari
279 1411 419 1485 nuptias,
447 1410 517 1470 Hoc
536 1410 766 1484 argumentum
787 1409 968 1470 Scholiasta
987 1410 1048 1470 hoc
1067 1410 1136 1470 loco
1155 1411 1231 1470 dicit
1252 1426 1323 1470 esse

144 1526 180 1584 in
214 1525 323 1585 verbis
357 1524 575 1599 paululum
610 1523 768 1582 obsoni.
804 1524 996 1583 Accuratius
1026 1524 1153 1583 locutus
1184 1527 1272 1584 esset
1295 1525 1324 1583 si

145 1639 302 1698 dixisset:
337 1639 389 1713 ,in
419 1623 527 1698 verbis
562 1637 777 1696 drachmis
810 1637 1044 1696 obsonatus
1076 1653 1118 1697 es
1149 1637 1322 1696 decem.”

144 1753 277 1812 Etenim
296 1752 514 1826 paululum
535 1750 682 1810 obsoni
702 1750 811 1810 Davus
831 1765 896 1809 non
916 1750 999 1810 dixit
1019 1751 1052 1809 in
1073 1751 1229 1824 colloquio
1249 1766 1323 1811 oum

146 1866 289 1942 Simone,
314 1866 370 1925 sed
394 1881 468 1924 cum
488 1864 695 1938 Pamphilum
716 1862 956 1936 Charinumque
976 1865 1160 1924 narratione
1180 1881 1240 1924 sua
1252 1880 1322 1924 con·

146 1979 308 2038 solaretur
332 1979 382 2054 (II,
409 1980 438 2054 2,
465 1979 528 2048 23).
566 1965 571 1976 ’

193 2207 249 2282 III,
277 2209 305 2266 1.
338 2207 458 2266 Scenae
488 2207 568 2266 haec
590 2206 811 2280 praemittitur
835 2207 1035 2267 observatio:
1064 2208 1121 2282 ,In
1144 2208 1205 2266 hac
1228 2223 1325 2267 scena

146 2337 232 2381 novo
267 2322 362 2380 modo
398 2324 545 2381 cessante
576 2321 665 2380 Davo
697 2321 820 2381 fallitur
851 2321 939 2381 Simo
963 2317 1179 2396 pernimiam
1203 2323 1322 2396 sagaci-

147 2438 253 2496 tatem
295 2436 422 2495 suam.''
464 2435 570 2494 Verba
609 2437 806 2494 cessante
841 2434 952 2494 Davo
988 2426 1187 2509 significant:
1226 2437 1323 2512 ,dum

147 2549 268 2623 Davus,
301 2549 356 2620 qui
382 2550 495 2607 tamen
518 2548 551 2607 in
574 2548 635 2607 hac
658 2548 767 2607 fabula
790 2549 977 2621 impostoris
1000 2550 1145 2624 iungitur
1167 2550 1321 2624 partibus,

148 2661 287 2734 quiescit
316 2661 503 2734 nullamque
531 2661 629 2721 struit
652 2661 848 2720 fallaciam.’'
872 2662 964 2722 Nunc
987 2679 1092 2723 novo
1116 2664 1232 2723 modo
1257 2664 1323 2721 iun-

148 2777 290 2850 gendum
313 2777 364 2835 est
387 2791 461 2835 cum
485 2776 670 2836 fallitur.
696 2775 748 2835 Sic
772 2777 860 2835 enim
884 2777 1016 2836 demum
1036 2778 1230 2851 praemoniti
1249 2792 1324 2851 pars

148 2890 266 2949 ultima
285 2892 358 2962 apte
377 2889 642 2963 praecedentibus
658 2889 859 2963 adiungitur:
876 2890 929 2964 ,in
941 2891 1056 2950 multis
1069 2892 1157 2949 enim
1169 2889 1324 2967 οἰκονομία

150 3003 347 3063 comicorum
380 3005 550 3076 poetarum
585 3003 631 3062 ita
664 3018 700 3062 se
735 3003 833 3062 habet
868 3005 904 3063 ut
940 3019 1016 3064 casu
1047 3007 1140 3078 putet
1162 3006 1324 3078 spectator

150 3117 279 3176 venisse
303 3119 355 3185 (an
379 3115 612 3185 evenisse?)
637 3116 720 3189 quod
740 3117 872 3176 consilio
892 3118 1086 3191 scriptorum
1105 3119 1228 3178 facturn
1248 3119 1323 3178 sit.”

151 3230 238 3290 Haec
270 3232 381 3289 autem
403 3231 567 3289 sententia
590 3231 622 3288 in
646 3230 770 3290 deliciis
793 3233 843 3290 est
867 3232 1075 3308 Scholiastae,
1101 3233 1232 3306 eiusque
1255 3249 1323 3306 pro-

151 3344 299 3404 ferendae
323 3344 525 3404 occasionem
549 3359 620 3403 raro
644 3345 885 3418 praetermittit.

193 3474 242 3518 vs.
271 3460 298 3517 1.
330 3459 397 3532 „Ex
420 3459 481 3518 hoc
504 3474 663 3536 sermone,
694 3475 791 3533 quem
814 3460 935 3520 habent
958 3461 1183 3538 ingredientes,
1209 3477 1324 3522 scenae

152 3575 284 3648 apparet
312 3573 521 3648 principium:
554 3574 637 3646 quod
669 3574 756 3632 enim
789 3575 926 3651 auditur,
959 3591 1022 3635 non
1053 3577 1136 3649 quod
1163 3578 1323 3653 incipitur,

153 3687 280 3746 initium
304 3687 446 3746 dicunt.”
472 3687 639 3746 Sententia
658 3689 785 3760 aperta:
807 3688 887 3747 nihil
908 3689 995 3748 enim
1018 3689 1070 3748 1110
1094 3692 1243 3750 narratur
1262 3692 1325 3751 nisi

153 3801 285 3860 solitum
314 3800 392 3859 illud
419 3800 458 3859 de
481 3800 574 3859 novis
597 3801 743 3874 personis
767 3802 801 3861 in
824 3817 956 3861 scenam
979 3804 1218 3880 prodeuntibus
1243 3821 1325 3878 quae

154 3929 310 3990 sermone,
346 3931 443 3988 quem
477 3914 606 3991 habent,
643 3917 741 3975 simul
773 3915 956 3990 significent
986 3919 1024 3978 de
1048 3935 1110 3992 quo
1134 3923 1324 3994 argumento

155 4031 235 4103 ante,
268 4028 338 4087 sive
369 4029 465 4104 domi,
494 4029 563 4088 sive
587 4029 620 4088 in
644 4030 758 4090 itinere
780 4030 906 4090 locutae
930 4032 1004 4090 sint.
1029 4032 1150 4092 Eodem
1174 4036 1323 4094 01011110-

154 4143 231 4202 tatio
263 4143 302 4201 ad
334 4158 382 4202 vs.
407 4145 427 4201 4
451 4143 607 4216 pertinet:
632 4144 704 4202 sed
728 4144 811 4214 hic]
840 4144 940 4218 ,bene
964 4146 1031 4204 hic
1053 4149 1090 4206 ut
1113 4148 1263 4207 ostendat
1286 4149 1324 4207 de

155 4254 205 4314 1110
225 4255 421 4314 antefuisse
441 4258 658 4315 sennonem.''
679 4257 800 4316 Verum
820 4259 969 4331 corrupta
988 4260 1086 4318 verba
1106 4263 1191 4335 sunt,
1208 4261 1325 4321 ultima

154 4370 343 4441 praesertim
367 4384 445 4428 non
468 4370 573 4441 quod
600 4369 810 4443 incipitur
833 4370 1010 4430 initium
1033 4373 1196 4450 dicunt,
1222 4390 1324 4448 neque

156 4484 335 4544 emendatio
360 4483 393 4542 in
416 4484 566 4556 promptu
590 4485 649 4542 est.
