<?xml version="1.0" encoding="UTF-8"?>
<!DOCTYPE html PUBLIC "-//W3C//DTD XHTML 1.0 Transitional//EN"
    "http://www.w3.org/TR/xhtml1/DTD/xhtml1-transitional.dtd">
<html xmlns="http://www.w3.org/1999/xhtml" xml:lang="en" lang="en">
 <head>
  <title>
</title>
<meta http-equiv="Content-Type" content="text/html;charset=utf-8" />
  <meta name='ocr-system' content='tesseract 3.04.00' />
  <meta name='ocr-capabilities' content='ocr_page ocr_carea ocr_par ocr_line ocrx_word'/>
</head>
<body>
  <div class='ocr_page' id='page_1' title='image "./deterentioetdon00hartgoog_0069.png"; bbox 0 0 3254 5274; ppageno 0'>
   <div class='ocr_carea' id='block_1_1' title="bbox 863 639 904 698">
    <p class='ocr_par' dir='ltr' id='par_1_1' title="bbox 863 639 904 698">
     <span class='ocr_line' id='line_1_1' title="bbox 863 639 904 698; baseline 0 0"><span class='ocrx_word' id='word_1_1' title='bbox 863 639 904 698; x_wconf 82' lang='lat'>54</span> 
     </span>
    </p>
   </div>
   <div class='ocr_carea' id='block_1_2' title="bbox 298 827 1469 1247">
    <p class='ocr_par' dir='ltr' id='par_1_2' title="bbox 298 827 1469 1247">
     <span class='ocr_line' id='line_1_2' title="bbox 298 827 1467 904; baseline -0.005 -12"><span class='ocrx_word' id='word_1_2' title='bbox 298 834 386 892; x_wconf 87' lang='lat' dir='ltr'>certo</span> <span class='ocrx_word' id='word_1_3' title='bbox 413 827 684 904; x_wconf 90' lang='lat' dir='ltr'>deprehendatur;</span> <span class='ocrx_word' id='word_1_4' title='bbox 709 842 774 887; x_wconf 90' lang='lat' dir='ltr'>non</span> <span class='ocrx_word' id='word_1_5' title='bbox 797 827 868 886; x_wconf 90' lang='lat' dir='ltr'>vult</span> <span class='ocrx_word' id='word_1_6' title='bbox 892 843 911 886; x_wconf 90' lang='lat' dir='ltr'>a</span> <span class='ocrx_word' id='word_1_7' title='bbox 933 843 992 887; x_wconf 89' lang='lat' dir='ltr'>suo</span> <span class='ocrx_word' id='word_1_8' title='bbox 1015 828 1115 888; x_wconf 85' lang='lat' dir='ltr'>fratre</span> <span class='ocrx_word' id='word_1_9' title='bbox 1139 829 1245 903; x_wconf 89' lang='lat' dir='ltr'>aliquo</span> <span class='ocrx_word' id='word_1_10' title='bbox 1269 844 1340 888; x_wconf 88' lang='lat' dir='ltr'>esse</span> <span class='ocrx_word' id='word_1_11' title='bbox 1363 829 1467 888; x_wconf 90' lang='lat' dir='ltr'>dolore</span> 
     </span>
     <span class='ocr_line' id='line_1_3' title="bbox 298 940 1468 1014; baseline -0.004 -9"><span class='ocrx_word' id='word_1_12' title='bbox 298 945 449 1005; x_wconf 88' lang='lat' dir='ltr'>affectam</span> <span class='ocrx_word' id='word_1_13' title='bbox 470 942 635 1002; x_wconf 82' lang='lat' dir='ltr'>Thaidem.</span> <span class='ocrx_word' id='word_1_14' title='bbox 656 941 738 1014; x_wconf 83' lang='lat' dir='ltr'>Ergo</span> <span class='ocrx_word' id='word_1_15' title='bbox 751 941 869 1000; x_wconf 86' lang='lat' dir='ltr'>iterum</span> <span class='ocrx_word' id='word_1_16' title='bbox 882 940 1074 1001; x_wconf 85' lang='lat' dir='ltr'>Eunuchum</span> <span class='ocrx_word' id='word_1_17' title='bbox 1086 943 1196 1002; x_wconf 87' lang='lat' dir='ltr'>omnia</span> <span class='ocrx_word' id='word_1_18' title='bbox 1207 943 1274 1002; x_wconf 89' lang='lat' dir='ltr'>iam</span> <span class='ocrx_word' id='word_1_19' title='bbox 1287 943 1468 1002; x_wconf 87' lang='lat' dir='ltr'>confessum</span> 
     </span>
     <span class='ocr_line' id='line_1_4' title="bbox 298 1053 1469 1133; baseline -0.005 -14"><span class='ocrx_word' id='word_1_20' title='bbox 298 1059 484 1133; x_wconf 84' lang='lat' dir='ltr'>interrogat,</span> <span class='ocrx_word' id='word_1_21' title='bbox 520 1069 654 1130; x_wconf 89' lang='lat' dir='ltr'>sperans</span> <span class='ocrx_word' id='word_1_22' title='bbox 689 1054 728 1114; x_wconf 89' lang='lat' dir='ltr'>ab</span> <span class='ocrx_word' id='word_1_23' title='bbox 763 1053 818 1114; x_wconf 91' lang='lat' dir='ltr'>illo</span> <span class='ocrx_word' id='word_1_24' title='bbox 852 1055 1078 1115; x_wconf 84' lang='lat' dir='ltr'>testimonium</span> <span class='ocrx_word' id='word_1_25' title='bbox 1109 1057 1298 1116; x_wconf 87' lang='lat' dir='ltr'>revocatum</span> <span class='ocrx_word' id='word_1_26' title='bbox 1329 1055 1377 1114; x_wconf 90' lang='lat' dir='ltr'>iri.</span> <span class='ocrx_word' id='word_1_27' title='bbox 1410 1054 1469 1114; x_wconf 85' lang='lat' dir='ltr'>Sed</span> 
     </span>
     <span class='ocr_line' id='line_1_5' title="bbox 298 1167 1035 1247; baseline -0.008 -15"><span class='ocrx_word' id='word_1_28' title='bbox 298 1172 387 1247; x_wconf 92' lang='lat' dir='ltr'>prius</span> <span class='ocrx_word' id='word_1_29' title='bbox 410 1171 458 1231; x_wconf 91' lang='lat' dir='ltr'>sic</span> <span class='ocrx_word' id='word_1_30' title='bbox 480 1169 640 1244; x_wconf 90' lang='lat' dir='ltr'>Pythiada</span> <span class='ocrx_word' id='word_1_31' title='bbox 663 1167 836 1241; x_wconf 76' lang='lat' dir='ltr'>alloquitur</span> <span class='ocrx_word' id='word_1_32' title='bbox 859 1170 917 1237; x_wconf 90' lang='lat' dir='ltr'>(vs.</span> <span class='ocrx_word' id='word_1_33' title='bbox 944 1168 1035 1238; x_wconf 69' lang='lat' dir='ltr'>loti:</span> 
     </span>
    </p>
   </div>
   <div class='ocr_carea' id='block_1_3' title="bbox 297 1281 1471 2839">
    <p class='ocr_par' dir='ltr' id='par_1_3' title="bbox 297 1281 1471 1928">
     <span class='ocr_line' id='line_1_6' title="bbox 875 1281 1189 1358; baseline 0.01 -18"><span class='ocrx_word' id='word_1_34' title='bbox 875 1281 944 1356; x_wconf 83' lang='lat' dir='ltr'>Age</span> <span class='ocrx_word' id='word_1_35' title='bbox 967 1298 1061 1358; x_wconf 88' lang='lat' dir='ltr'>nunc,</span> <span class='ocrx_word' id='word_1_36' title='bbox 1085 1282 1189 1357; x_wconf 88' lang='lat' dir='ltr'>belua,</span> 
     </span>
     <span class='ocr_line' id='line_1_7' title="bbox 631 1395 1069 1468; baseline -0.005 -11"><span class='ocrx_word' id='word_1_37' title='bbox 631 1395 741 1458; x_wconf 83' lang='lat' dir='ltr'>Credis</span> <span class='ocrx_word' id='word_1_38' title='bbox 763 1395 839 1455; x_wconf 88' lang='lat' dir='ltr'>huic</span> <span class='ocrx_word' id='word_1_39' title='bbox 861 1395 945 1468; x_wconf 92' lang='lat' dir='ltr'>quod</span> <span class='ocrx_word' id='word_1_40' title='bbox 968 1395 1069 1456; x_wconf 84' lang='lat' dir='ltr'>dicit?</span> 
     </span>
     <span class='ocr_line' id='line_1_8' title="bbox 298 1510 1470 1589; baseline -0.001 -15"><span class='ocrx_word' id='word_1_41' title='bbox 298 1516 370 1577; x_wconf 86' lang='lat' dir='ltr'>Vox</span> <span class='ocrx_word' id='word_1_42' title='bbox 401 1529 475 1588; x_wconf 88' lang='lat' dir='ltr'>ergo</span> <span class='ocrx_word' id='word_1_43' title='bbox 506 1512 630 1572; x_wconf 89' lang='lat' dir='ltr'>belua</span> <span class='ocrx_word' id='word_1_44' title='bbox 660 1527 724 1570; x_wconf 91' lang='lat' dir='ltr'>non</span> <span class='ocrx_word' id='word_1_45' title='bbox 754 1511 824 1570; x_wconf 87' lang='lat' dir='ltr'>tam</span> <span class='ocrx_word' id='word_1_46' title='bbox 851 1510 988 1584; x_wconf 83' lang='lat' dir='ltr'>agrestis</span> <span class='ocrx_word' id='word_1_47' title='bbox 1016 1512 1067 1570; x_wconf 88' lang='lat' dir='ltr'>est</span> <span class='ocrx_word' id='word_1_48' title='bbox 1090 1513 1315 1587; x_wconf 90' lang='lat' dir='ltr'>quamprimo</span> <span class='ocrx_word' id='word_1_49' title='bbox 1339 1515 1470 1589; x_wconf 85' lang='lat' dir='ltr'>aspectu</span> 
     </span>
     <span class='ocr_line' id='line_1_9' title="bbox 297 1631 434 1690; baseline -0.015 -1"><span class='ocrx_word' id='word_1_50' title='bbox 297 1631 434 1690; x_wconf 89' lang='lat' dir='ltr'>videtur.</span> 
     </span>
     <span class='ocr_line' id='line_1_10' title="bbox 343 1739 1471 1812; baseline 0.001 -12"><span class='ocrx_word' id='word_1_51' title='bbox 343 1742 465 1802; x_wconf 91' lang='lat' dir='ltr'>Verum</span> <span class='ocrx_word' id='word_1_52' title='bbox 496 1740 609 1800; x_wconf 87' lang='lat' dir='ltr'>eadem</span> <span class='ocrx_word' id='word_1_53' title='bbox 641 1753 722 1811; x_wconf 88' lang='lat' dir='ltr'>quae</span> <span class='ocrx_word' id='word_1_54' title='bbox 753 1739 849 1797; x_wconf 87' lang='lat' dir='ltr'>antea</span> <span class='ocrx_word' id='word_1_55' title='bbox 879 1739 1092 1812; x_wconf 78' lang='lat' dir='ltr'>respondente</span> <span class='ocrx_word' id='word_1_56' title='bbox 1123 1739 1277 1800; x_wconf 86' lang='lat' dir='ltr'>Eunucho</span> <span class='ocrx_word' id='word_1_57' title='bbox 1309 1742 1471 1802; x_wconf 85' lang='lat' dir='ltr'>exclamat</span> 
     </span>
     <span class='ocr_line' id='line_1_11' title="bbox 299 1856 475 1928; baseline -0.023 -12"><span class='ocrx_word' id='word_1_58' title='bbox 299 1861 357 1928; x_wconf 74' lang='lat' dir='ltr'>(vs,</span> <span class='ocrx_word' id='word_1_59' title='bbox 383 1856 475 1924; x_wconf 83' lang='lat'>709):</span> 
     </span>
    </p>

    <p class='ocr_par' dir='ltr' id='par_1_4' title="bbox 299 1964 1469 2271">
     <span class='ocr_line' id='line_1_12' title="bbox 387 1964 1422 2042; baseline 0.001 -15"><span class='ocrx_word' id='word_1_60' title='bbox 387 1967 529 2042; x_wconf 90' lang='lat' dir='ltr'>Iuppiter</span> <span class='ocrx_word' id='word_1_61' title='bbox 552 1981 679 2041; x_wconf 86' lang='lat' dir='ltr'>magne,</span> <span class='ocrx_word' id='word_1_62' title='bbox 705 1981 723 2026; x_wconf 97' lang='lat'>0</span> <span class='ocrx_word' id='word_1_63' title='bbox 747 1964 923 2025; x_wconf 89' lang='lat' dir='ltr'>scelestum</span> <span class='ocrx_word' id='word_1_64' title='bbox 947 1967 1043 2039; x_wconf 89' lang='lat' dir='ltr'>atque</span> <span class='ocrx_word' id='word_1_65' title='bbox 1066 1967 1222 2027; x_wconf 79' lang='lat' dir='ltr'>audacem</span> <span class='ocrx_word' id='word_1_66' title='bbox 1246 1968 1422 2028; x_wconf 89' lang='lat' dir='ltr'>hominem.</span> 
     </span>
     <span class='ocr_line' id='line_1_13' title="bbox 299 2078 1468 2153; baseline -0.003 -9"><span class='ocrx_word' id='word_1_67' title='bbox 299 2081 492 2144; x_wconf 79' lang='lat' dir='ltr'>Rectissime</span> <span class='ocrx_word' id='word_1_68' title='bbox 528 2080 725 2140; x_wconf 81' lang='lat' dir='ltr'>Scholiasta:</span> <span class='ocrx_word' id='word_1_69' title='bbox 761 2078 957 2153; x_wconf 79' lang='lat' dir='ltr'>„Chaeream</span> <span class='ocrx_word' id='word_1_70' title='bbox 988 2079 1113 2140; x_wconf 87' lang='lat' dir='ltr'>scilicet</span> <span class='ocrx_word' id='word_1_71' title='bbox 1142 2080 1195 2140; x_wconf 89' lang='lat' dir='ltr'>vel</span> <span class='ocrx_word' id='word_1_72' title='bbox 1225 2082 1468 2142; x_wconf 90' lang='lat' dir='ltr'>Parmenonem.</span> 
     </span>
     <span class='ocr_line' id='line_1_14' title="bbox 300 2193 1469 2271; baseline -0.005 -12"><span class='ocrx_word' id='word_1_73' title='bbox 300 2199 360 2259; x_wconf 88' lang='lat' dir='ltr'>Sed</span> <span class='ocrx_word' id='word_1_74' title='bbox 383 2197 430 2256; x_wconf 92' lang='lat' dir='ltr'>sic</span> <span class='ocrx_word' id='word_1_75' title='bbox 449 2193 722 2271; x_wconf 90' lang='lat' dir='ltr'>pronuntiandum</span> <span class='ocrx_word' id='word_1_76' title='bbox 747 2194 806 2267; x_wconf 83' lang='lat' dir='ltr'>est,</span> <span class='ocrx_word' id='word_1_77' title='bbox 832 2193 868 2251; x_wconf 91' lang='lat' dir='ltr'>ut</span> <span class='ocrx_word' id='word_1_78' title='bbox 890 2193 983 2266; x_wconf 87' lang='lat' dir='ltr'>putet</span> <span class='ocrx_word' id='word_1_79' title='bbox 1005 2193 1122 2253; x_wconf 89' lang='lat' dir='ltr'>anciila</span> <span class='ocrx_word' id='word_1_80' title='bbox 1145 2195 1183 2254; x_wconf 86' lang='lat' dir='ltr'>de</span> <span class='ocrx_word' id='word_1_81' title='bbox 1203 2194 1357 2255; x_wconf 84' lang='lat' dir='ltr'>Eunucho</span> <span class='ocrx_word' id='word_1_82' title='bbox 1377 2195 1469 2255; x_wconf 87' lang='lat' dir='ltr'>dici.’&#39;</span> 
     </span>
    </p>

    <p class='ocr_par' dir='ltr' id='par_1_5' title="bbox 298 2306 1471 2839">
     <span class='ocr_line' id='line_1_15' title="bbox 342 2306 765 2383; baseline -0.014 -13"><span class='ocrx_word' id='word_1_83' title='bbox 342 2311 404 2370; x_wconf 92' lang='lat' dir='ltr'>Hic</span> <span class='ocrx_word' id='word_1_84' title='bbox 430 2309 565 2383; x_wconf 87' lang='lat' dir='ltr'>Pythias</span> <span class='ocrx_word' id='word_1_85' title='bbox 589 2306 664 2376; x_wconf 78' lang='lat'><strong>(709</strong></span> <span class='ocrx_word' id='word_1_86' title='bbox 688 2309 765 2380; x_wconf 82' lang='lat' dir='ltr'>sq.):</span> 
     </span>
     <span class='ocr_line' id='line_1_16' title="bbox 927 2419 1115 2480; baseline 0.016 -3"><span class='ocrx_word' id='word_1_87' title='bbox 927 2419 994 2480; x_wconf 91' lang='lat' dir='ltr'>Vae</span> <span class='ocrx_word' id='word_1_88' title='bbox 1017 2421 1115 2480; x_wconf 90' lang='lat' dir='ltr'>mihi:</span> 
     </span>
     <span class='ocr_line' id='line_1_17' title="bbox 411 2534 1373 2608; baseline 0 -12"><span class='ocrx_word' id='word_1_89' title='bbox 411 2537 518 2596; x_wconf 89' lang='lat' dir='ltr'>Etiam</span> <span class='ocrx_word' id='word_1_90' title='bbox 542 2551 606 2595; x_wconf 92' lang='lat' dir='ltr'>non</span> <span class='ocrx_word' id='word_1_91' title='bbox 630 2535 742 2594; x_wconf 90' lang='lat' dir='ltr'>credas</span> <span class='ocrx_word' id='word_1_92' title='bbox 765 2534 905 2608; x_wconf 84' lang='lat' dir='ltr'>indignis</span> <span class='ocrx_word' id='word_1_93' title='bbox 928 2549 988 2594; x_wconf 89' lang='lat' dir='ltr'>nos</span> <span class='ocrx_word' id='word_1_94' title='bbox 1012 2550 1083 2594; x_wconf 90' lang='lat' dir='ltr'>esse</span> <span class='ocrx_word' id='word_1_95' title='bbox 1107 2535 1219 2595; x_wconf 87' lang='lat' dir='ltr'>irrisas</span> <span class='ocrx_word' id='word_1_96' title='bbox 1242 2537 1373 2596; x_wconf 88' lang='lat' dir='ltr'>modis?</span> 
     </span>
     <span class='ocr_line' id='line_1_18' title="bbox 298 2648 1471 2725; baseline -0.003 -14"><span class='ocrx_word' id='word_1_97' title='bbox 298 2653 407 2725; x_wconf 90' lang='lat' dir='ltr'>Neque</span> <span class='ocrx_word' id='word_1_98' title='bbox 439 2651 587 2711; x_wconf 89' lang='lat' dir='ltr'>credas</span> <span class='ocrx_word' id='word_1_99' title='bbox 617 2664 720 2722; x_wconf 89' lang='lat' dir='ltr'>neque</span> <span class='ocrx_word' id='word_1_100' title='bbox 751 2648 890 2707; x_wconf 88' lang='lat' dir='ltr'>credis</span> <span class='ocrx_word' id='word_1_101' title='bbox 922 2651 1014 2721; x_wconf 84' lang='lat' dir='ltr'>(quae</span> <span class='ocrx_word' id='word_1_102' title='bbox 1037 2648 1170 2722; x_wconf 85' lang='lat' dir='ltr'>vulgata</span> <span class='ocrx_word' id='word_1_103' title='bbox 1193 2651 1245 2709; x_wconf 91' lang='grc'>111</span> <span class='ocrx_word' id='word_1_104' title='bbox 1267 2650 1372 2720; x_wconf 80' lang='lat' dir='ltr'>lectio)</span> <span class='ocrx_word' id='word_1_105' title='bbox 1396 2650 1471 2710; x_wconf 86' lang='lat' dir='ltr'>ferri</span> 
     </span>
     <span class='ocr_line' id='line_1_19' title="bbox 299 2760 1470 2839; baseline -0.003 -14"><span class='ocrx_word' id='word_1_106' title='bbox 299 2766 351 2825; x_wconf 90' lang='lat' dir='ltr'>hio</span> <span class='ocrx_word' id='word_1_107' title='bbox 374 2767 490 2839; x_wconf 88' lang='lat' dir='ltr'>potest.</span> <span class='ocrx_word' id='word_1_108' title='bbox 517 2764 549 2822; x_wconf 92' lang='lat' dir='ltr'>Si</span> <span class='ocrx_word' id='word_1_109' title='bbox 574 2763 702 2822; x_wconf 87' lang='lat' dir='ltr'>constat</span> <span class='ocrx_word' id='word_1_110' title='bbox 724 2762 760 2820; x_wconf 93' lang='lat' dir='ltr'>is</span> <span class='ocrx_word' id='word_1_111' title='bbox 784 2762 817 2821; x_wconf 91' lang='lat' dir='ltr'>in</span> <span class='ocrx_word' id='word_1_112' title='bbox 841 2760 980 2820; x_wconf 90' lang='lat' dir='ltr'>credis</span> <span class='ocrx_word' id='word_1_113' title='bbox 1003 2777 1170 2834; x_wconf 88' lang='lat' dir='ltr'>nunquam</span> <span class='ocrx_word' id='word_1_114' title='bbox 1193 2763 1334 2838; x_wconf 86' lang='lat' dir='ltr'>produci,</span> <span class='ocrx_word' id='word_1_115' title='bbox 1359 2766 1470 2838; x_wconf 87' lang='lat' dir='ltr'>putan-</span> 
     </span>
    </p>
   </div>
   <div class='ocr_carea' id='block_1_4' title="bbox 195 2861 1470 2954">
    <p class='ocr_par' dir='ltr' id='par_1_6' title="bbox 195 2861 1470 2954">
     <span class='ocr_line' id='line_1_20' title="bbox 195 2861 1470 2954; baseline -0.002 -16"><span class='ocrx_word' id='word_1_116' title='bbox 195 2861 201 2870; x_wconf 66' lang='grc'><strong>’</strong></span> <span class='ocrx_word' id='word_1_117' title='bbox 299 2881 376 2939; x_wconf 91' lang='lat' dir='ltr'>dum</span> <span class='ocrx_word' id='word_1_118' title='bbox 397 2882 447 2939; x_wconf 92' lang='grc'>111</span> <span class='ocrx_word' id='word_1_119' title='bbox 466 2878 606 2954; x_wconf 86' lang='lat' dir='ltr'>graviori</span> <span class='ocrx_word' id='word_1_120' title='bbox 625 2878 706 2937; x_wconf 85' lang='lat' dir='ltr'>vitio</span> <span class='ocrx_word' id='word_1_121' title='bbox 725 2877 811 2937; x_wconf 90' lang='lat' dir='ltr'>huno</span> <span class='ocrx_word' id='word_1_122' title='bbox 826 2877 934 2936; x_wconf 92' lang='lat' dir='ltr'>locum</span> <span class='ocrx_word' id='word_1_123' title='bbox 946 2876 1091 2937; x_wconf 86' lang='lat' dir='ltr'>laborare</span> <span class='ocrx_word' id='word_1_124' title='bbox 1104 2879 1136 2936; x_wconf 91' lang='grc'>11</span> <span class='ocrx_word' id='word_1_125' title='bbox 1148 2867 1470 2938; x_wconf 74' lang='grc'><strong>1111111111111111</strong></span> 
     </span>
    </p>
   </div>
   <div class='ocr_carea' id='block_1_5' title="bbox 293 2991 1471 4558">
    <p class='ocr_par' dir='ltr' id='par_1_7' title="bbox 298 2991 1414 3294">
     <span class='ocr_line' id='line_1_21' title="bbox 298 2991 1414 3068; baseline 0 -17"><span class='ocrx_word' id='word_1_126' title='bbox 298 2994 433 3053; x_wconf 91' lang='lat' dir='ltr'>verbum</span> <span class='ocrx_word' id='word_1_127' title='bbox 457 2994 520 3052; x_wconf 90' lang='lat' dir='ltr'>huc</span> <span class='ocrx_word' id='word_1_128' title='bbox 543 3009 560 3052; x_wconf 96' lang='grc'>1</span> <span class='ocrx_word' id='word_1_129' title='bbox 583 3007 680 3051; x_wconf 89' lang='lat' dir='ltr'>versu</span> <span class='ocrx_word' id='word_1_130' title='bbox 703 2991 851 3065; x_wconf 85' lang='lat' dir='ltr'>sequenti</span> <span class='ocrx_word' id='word_1_131' title='bbox 875 2991 1050 3068; x_wconf 85' lang='lat' dir='ltr'>aberrasse,</span> <span class='ocrx_word' id='word_1_132' title='bbox 1075 2993 1113 3050; x_wconf 85' lang='lat' dir='ltr'>ut</span> <span class='ocrx_word' id='word_1_133' title='bbox 1135 3006 1214 3054; x_wconf 85' lang='lat' dir='ltr'>vera</span> <span class='ocrx_word' id='word_1_134' title='bbox 1236 2992 1331 3051; x_wconf 89' lang='lat' dir='ltr'>lectio</span> <span class='ocrx_word' id='word_1_135' title='bbox 1355 2992 1414 3051; x_wconf 90' lang='lat' dir='ltr'>sit:</span> 
     </span>
     <span class='ocr_line' id='line_1_22' title="bbox 410 3105 1414 3180; baseline -0.001 -14"><span class='ocrx_word' id='word_1_136' title='bbox 410 3108 474 3166; x_wconf 82' lang='grc'>110</span> <span class='ocrx_word' id='word_1_137' title='bbox 497 3107 605 3166; x_wconf 87' lang='lat' dir='ltr'>Etiam</span> <span class='ocrx_word' id='word_1_138' title='bbox 628 3108 664 3166; x_wconf 94' lang='lat' dir='ltr'>tu</span> <span class='ocrx_word' id='word_1_139' title='bbox 687 3121 787 3179; x_wconf 84' lang='lat' dir='ltr'>negas</span> <span class='ocrx_word' id='word_1_140' title='bbox 810 3105 950 3180; x_wconf 85' lang='lat' dir='ltr'>indignis</span> <span class='ocrx_word' id='word_1_141' title='bbox 973 3120 1033 3165; x_wconf 87' lang='lat' dir='ltr'>nos</span> <span class='ocrx_word' id='word_1_142' title='bbox 1056 3121 1128 3166; x_wconf 88' lang='lat' dir='ltr'>esse</span> <span class='ocrx_word' id='word_1_143' title='bbox 1151 3106 1263 3166; x_wconf 88' lang='lat' dir='ltr'>irrisas</span> <span class='ocrx_word' id='word_1_144' title='bbox 1286 3106 1414 3166; x_wconf 87' lang='lat' dir='ltr'>modis?</span> 
     </span>
     <span class='ocr_line' id='line_1_23' title="bbox 410 3211 1110 3294; baseline -0.001 -14"><span class='ocrx_word' id='word_1_145' title='bbox 410 3221 471 3280; x_wconf 84' lang='grc'>711</span> <span class='ocrx_word' id='word_1_146' title='bbox 497 3221 615 3280; x_wconf 89' lang='lat' dir='ltr'>Mirum</span> <span class='ocrx_word' id='word_1_147' title='bbox 638 3220 672 3279; x_wconf 93' lang='lat' dir='ltr'>ni</span> <span class='ocrx_word' id='word_1_148' title='bbox 695 3211 798 3280; x_wconf 89' lang='lat' dir='ltr'>credis</span> <span class='ocrx_word' id='word_1_149' title='bbox 822 3220 905 3294; x_wconf 90' lang='lat' dir='ltr'>quod</span> <span class='ocrx_word' id='word_1_150' title='bbox 929 3219 991 3279; x_wconf 91' lang='grc'><strong>1111</strong></span> <span class='ocrx_word' id='word_1_151' title='bbox 1015 3219 1110 3280; x_wconf 90' lang='lat' dir='ltr'>dicat.</span> 
     </span>
    </p>

    <p class='ocr_par' dir='ltr' id='par_1_8' title="bbox 294 3334 1471 4207">
     <span class='ocr_line' id='line_1_24' title="bbox 342 3334 1469 3405; baseline 0.002 -12"><span class='ocrx_word' id='word_1_152' title='bbox 342 3335 485 3394; x_wconf 83' lang='lat' dir='ltr'>&#39;landem</span> <span class='ocrx_word' id='word_1_153' title='bbox 502 3335 541 3393; x_wconf 94' lang='lat' dir='ltr'>ad</span> <span class='ocrx_word' id='word_1_154' title='bbox 554 3335 671 3394; x_wconf 90' lang='lat' dir='ltr'>incitas</span> <span class='ocrx_word' id='word_1_155' title='bbox 683 3335 832 3395; x_wconf 90' lang='lat' dir='ltr'>redactus</span> <span class='ocrx_word' id='word_1_156' title='bbox 844 3335 1002 3394; x_wconf 89' lang='lat' dir='ltr'>Phaedria</span> <span class='ocrx_word' id='word_1_157' title='bbox 1013 3334 1098 3394; x_wconf 88' lang='lat' dir='ltr'>clam</span> <span class='ocrx_word' id='word_1_158' title='bbox 1110 3334 1150 3394; x_wconf 91' lang='lat' dir='ltr'>ad</span> <span class='ocrx_word' id='word_1_159' title='bbox 1163 3334 1353 3394; x_wconf 89' lang='lat' dir='ltr'>Eunuchum</span> <span class='ocrx_word' id='word_1_160' title='bbox 1367 3336 1450 3405; x_wconf 77' lang='lat'><strong>(712)</strong></span> <span class='ocrx_word' id='word_1_161' title='bbox 1462 3353 1469 3394; x_wconf 92' lang='lat'>:</span> 
     </span>
     <span class='ocr_line' id='line_1_25' title="bbox 300 3448 1471 3524; baseline 0 -16"><span class='ocrx_word' id='word_1_162' title='bbox 300 3451 400 3524; x_wconf 91' lang='lat' dir='ltr'>„heus</span> <span class='ocrx_word' id='word_1_163' title='bbox 431 3450 547 3523; x_wconf 84' lang='lat' dir='ltr'>negato</span> <span class='ocrx_word' id='word_1_164' title='bbox 579 3449 740 3524; x_wconf 89' lang='lat' dir='ltr'>rursum,”</span> <span class='ocrx_word' id='word_1_165' title='bbox 773 3449 806 3507; x_wconf 91' lang='grc'>11</span> <span class='ocrx_word' id='word_1_166' title='bbox 836 3449 947 3523; x_wconf 85' lang='lat' dir='ltr'>signis,</span> <span class='ocrx_word' id='word_1_167' title='bbox 981 3464 1000 3507; x_wconf 90' lang='lat' dir='ltr'>a</span> <span class='ocrx_word' id='word_1_168' title='bbox 1030 3448 1187 3521; x_wconf 86' lang='lat' dir='ltr'>Pythiade</span> <span class='ocrx_word' id='word_1_169' title='bbox 1214 3463 1358 3524; x_wconf 77' lang='grc'><strong>1111111,</strong></span> <span class='ocrx_word' id='word_1_170' title='bbox 1384 3449 1471 3509; x_wconf 88' lang='lat' dir='ltr'>iubet</span> 
     </span>
     <span class='ocr_line' id='line_1_26' title="bbox 296 3561 1468 3642; baseline 0.001 -21"><span class='ocrx_word' id='word_1_171' title='bbox 296 3563 488 3622; x_wconf 90' lang='lat' dir='ltr'>Eunuchum</span> <span class='ocrx_word' id='word_1_172' title='bbox 511 3578 630 3636; x_wconf 84' lang='lat' dir='ltr'>negare</span> <span class='ocrx_word' id='word_1_173' title='bbox 654 3577 736 3636; x_wconf 89' lang='lat' dir='ltr'>quae</span> <span class='ocrx_word' id='word_1_174' title='bbox 759 3563 857 3642; x_wconf 84' lang='lat' dir='ltr'>modo</span> <span class='ocrx_word' id='word_1_175' title='bbox 879 3562 1021 3635; x_wconf 87' lang='lat' dir='ltr'>agnovit.</span> <span class='ocrx_word' id='word_1_176' title='bbox 1047 3561 1130 3621; x_wconf 84' lang='lat' dir='ltr'>Tum</span> <span class='ocrx_word' id='word_1_177' title='bbox 1154 3562 1240 3621; x_wconf 88' lang='lat' dir='ltr'>clara</span> <span class='ocrx_word' id='word_1_178' title='bbox 1262 3577 1358 3622; x_wconf 91' lang='lat' dir='ltr'>voce:</span> <span class='ocrx_word' id='word_1_179' title='bbox 1382 3579 1468 3638; x_wconf 84' lang='lat' dir='ltr'>„pos-</span> 
     </span>
     <span class='ocr_line' id='line_1_27' title="bbox 296 3676 1469 3750; baseline 0.001 -14"><span class='ocrx_word' id='word_1_180' title='bbox 296 3693 412 3736; x_wconf 87' lang='lat' dir='ltr'>sumne</span> <span class='ocrx_word' id='word_1_181' title='bbox 454 3692 512 3750; x_wconf 86' lang='lat' dir='ltr'>ego</span> <span class='ocrx_word' id='word_1_182' title='bbox 554 3676 648 3735; x_wconf 91' lang='lat' dir='ltr'>hodie</span> <span class='ocrx_word' id='word_1_183' title='bbox 691 3692 732 3735; x_wconf 85' lang='lat' dir='ltr'>ex</span> <span class='ocrx_word' id='word_1_184' title='bbox 766 3677 798 3735; x_wconf 91' lang='lat' dir='ltr'>te</span> <span class='ocrx_word' id='word_1_185' title='bbox 834 3676 1022 3749; x_wconf 86' lang='lat' dir='ltr'>exsculpere</span> <span class='ocrx_word' id='word_1_186' title='bbox 1057 3677 1216 3735; x_wconf 88' lang='lat' dir='ltr'>verum?”</span> <span class='ocrx_word' id='word_1_187' title='bbox 1252 3677 1314 3737; x_wconf 87' lang='lat' dir='ltr'>Hic</span> <span class='ocrx_word' id='word_1_188' title='bbox 1348 3677 1469 3738; x_wconf 89' lang='lat' dir='ltr'>hodie</span> 
     </span>
     <span class='ocr_line' id='line_1_28' title="bbox 294 3790 1469 3866; baseline 0.003 -17"><span class='ocrx_word' id='word_1_189' title='bbox 294 3790 452 3849; x_wconf 89' lang='lat' dir='ltr'>minantis</span> <span class='ocrx_word' id='word_1_190' title='bbox 482 3790 689 3863; x_wconf 90' lang='lat' dir='ltr'>iracundique</span> <span class='ocrx_word' id='word_1_191' title='bbox 721 3792 779 3850; x_wconf 85' lang='lat' dir='ltr'>est.</span> <span class='ocrx_word' id='word_1_192' title='bbox 813 3792 919 3864; x_wconf 85' lang='lat' dir='ltr'>Atque</span> <span class='ocrx_word' id='word_1_193' title='bbox 949 3791 1003 3850; x_wconf 91' lang='lat' dir='ltr'>ubi</span> <span class='ocrx_word' id='word_1_194' title='bbox 1037 3791 1169 3865; x_wconf 85' lang='lat' dir='ltr'>negavit</span> <span class='ocrx_word' id='word_1_195' title='bbox 1192 3791 1366 3851; x_wconf 91' lang='lat' dir='ltr'>Eunuchus</span> <span class='ocrx_word' id='word_1_196' title='bbox 1390 3808 1469 3866; x_wconf 92' lang='lat' dir='ltr'>quae</span> 
     </span>
     <span class='ocr_line' id='line_1_29' title="bbox 294 3904 1466 3980; baseline 0.002 -17"><span class='ocrx_word' id='word_1_197' title='bbox 294 3920 412 3978; x_wconf 85' lang='lat' dir='ltr'>negare</span> <span class='ocrx_word' id='word_1_198' title='bbox 432 3905 540 3963; x_wconf 89' lang='lat' dir='ltr'>iussus</span> <span class='ocrx_word' id='word_1_199' title='bbox 561 3906 619 3980; x_wconf 86' lang='lat' dir='ltr'>est,</span> <span class='ocrx_word' id='word_1_200' title='bbox 642 3919 753 3963; x_wconf 89' lang='lat' dir='ltr'>secum</span> <span class='ocrx_word' id='word_1_201' title='bbox 773 3920 848 3964; x_wconf 91' lang='lat' dir='ltr'>eum</span> <span class='ocrx_word' id='word_1_202' title='bbox 869 3905 1002 3964; x_wconf 91' lang='lat' dir='ltr'>domum</span> <span class='ocrx_word' id='word_1_203' title='bbox 1022 3904 1123 3964; x_wconf 89' lang='lat' dir='ltr'>trahit</span> <span class='ocrx_word' id='word_1_204' title='bbox 1139 3905 1231 3978; x_wconf 88' lang='lat' dir='ltr'>quasi</span> <span class='ocrx_word' id='word_1_205' title='bbox 1243 3905 1283 3964; x_wconf 91' lang='lat' dir='ltr'>ad</span> <span class='ocrx_word' id='word_1_206' title='bbox 1295 3907 1466 3966; x_wconf 83' lang='lat' dir='ltr'>tormenta.</span> 
     </span>
     <span class='ocr_line' id='line_1_30' title="bbox 297 4016 1469 4093; baseline 0.003 -17"><span class='ocrx_word' id='word_1_207' title='bbox 297 4018 332 4092; x_wconf 73' lang='lat'>,31</span> <span class='ocrx_word' id='word_1_208' title='bbox 355 4018 440 4077; x_wconf 91' lang='lat' dir='ltr'>intro</span> <span class='ocrx_word' id='word_1_209' title='bbox 463 4018 637 4077; x_wconf 89' lang='lat' dir='ltr'>nunciam”</span> <span class='ocrx_word' id='word_1_210' title='bbox 664 4018 827 4078; x_wconf 82' lang='lat' dir='ltr'>exclamat</span> <span class='ocrx_word' id='word_1_211' title='bbox 849 4016 926 4077; x_wconf 87' lang='lat' dir='ltr'>ficta</span> <span class='ocrx_word' id='word_1_212' title='bbox 949 4018 1122 4093; x_wconf 84' lang='lat' dir='ltr'>iracundia,</span> <span class='ocrx_word' id='word_1_213' title='bbox 1149 4021 1181 4078; x_wconf 85' lang='lat' dir='ltr'>et</span> <span class='ocrx_word' id='word_1_214' title='bbox 1201 4019 1375 4080; x_wconf 91' lang='lat' dir='ltr'>Eunuchus</span> <span class='ocrx_word' id='word_1_215' title='bbox 1395 4018 1469 4080; x_wconf 88' lang='lat' dir='ltr'>ficto</span> 
     </span>
     <span class='ocr_line' id='line_1_31' title="bbox 295 4131 572 4207; baseline 0.004 -17"><span class='ocrx_word' id='word_1_216' title='bbox 295 4132 429 4192; x_wconf 90' lang='lat' dir='ltr'>timore:</span> <span class='ocrx_word' id='word_1_217' title='bbox 458 4131 572 4207; x_wconf 84' lang='lat' dir='ltr'>„olei”</span> 
     </span>
    </p>

    <p class='ocr_par' dir='ltr' id='par_1_9' title="bbox 293 4244 1469 4558">
     <span class='ocr_line' id='line_1_32' title="bbox 339 4244 1469 4321; baseline 0.003 -18"><span class='ocrx_word' id='word_1_218' title='bbox 339 4246 413 4304; x_wconf 90' lang='lat' dir='ltr'>Sola</span> <span class='ocrx_word' id='word_1_219' title='bbox 432 4245 544 4305; x_wconf 90' lang='lat' dir='ltr'>relicta</span> <span class='ocrx_word' id='word_1_220' title='bbox 564 4261 639 4305; x_wconf 90' lang='lat' dir='ltr'>curn</span> <span class='ocrx_word' id='word_1_221' title='bbox 659 4246 795 4306; x_wconf 91' lang='lat' dir='ltr'>Doriade</span> <span class='ocrx_word' id='word_1_222' title='bbox 811 4246 946 4319; x_wconf 88' lang='lat' dir='ltr'>Pythias</span> <span class='ocrx_word' id='word_1_223' title='bbox 959 4244 1121 4320; x_wconf 86' lang='lat' dir='ltr'>significat</span> <span class='ocrx_word' id='word_1_224' title='bbox 1133 4262 1169 4306; x_wconf 93' lang='grc'>11</span> <span class='ocrx_word' id='word_1_225' title='bbox 1181 4247 1278 4321; x_wconf 90' lang='lat' dir='ltr'>probe</span> <span class='ocrx_word' id='word_1_226' title='bbox 1290 4246 1469 4320; x_wconf 84' lang='lat' dir='ltr'>intelligere</span> 
     </span>
     <span class='ocr_line' id='line_1_33' title="bbox 293 4359 1467 4434; baseline 0.003 -16"><span class='ocrx_word' id='word_1_227' title='bbox 293 4360 505 4419; x_wconf 89' lang='lat' dir='ltr'>Parmenonis</span> <span class='ocrx_word' id='word_1_228' title='bbox 536 4361 629 4419; x_wconf 89' lang='lat' dir='ltr'>illum</span> <span class='ocrx_word' id='word_1_229' title='bbox 659 4361 760 4420; x_wconf 85' lang='lat' dir='ltr'>fuisse</span> <span class='ocrx_word' id='word_1_230' title='bbox 791 4361 910 4419; x_wconf 92' lang='lat' dir='ltr'>dolum.</span> <span class='ocrx_word' id='word_1_231' title='bbox 941 4359 1020 4434; x_wconf 78' lang='lat' dir='ltr'>Quid</span> <span class='ocrx_word' id='word_1_232' title='bbox 1044 4361 1088 4419; x_wconf 89' lang='lat' dir='ltr'>sit</span> <span class='ocrx_word' id='word_1_233' title='bbox 1112 4361 1273 4434; x_wconf 84' lang='lat' dir='ltr'>agendum</span> <span class='ocrx_word' id='word_1_234' title='bbox 1295 4360 1467 4421; x_wconf 91' lang='lat' dir='ltr'>Doriadem</span> 
     </span>
     <span class='ocr_line' id='line_1_34' title="bbox 293 4469 1066 4558; baseline 0 -26"><span class='ocrx_word' id='word_1_235' title='bbox 293 4475 396 4558; x_wconf 82' lang='lat' dir='ltr'>rogat</span> <span class='ocrx_word' id='word_1_236' title='bbox 423 4469 524 4548; x_wconf 83' lang='lat' dir='ltr'>„Rem</span> <span class='ocrx_word' id='word_1_237' title='bbox 547 4474 639 4536; x_wconf 85' lang='lat' dir='ltr'>tace”</span> <span class='ocrx_word' id='word_1_238' title='bbox 664 4474 720 4536; x_wconf 86' lang='lat' dir='ltr'>illa</span> <span class='ocrx_word' id='word_1_239' title='bbox 743 4474 789 4534; x_wconf 88' lang='lat' dir='ltr'>ait</span> <span class='ocrx_word' id='word_1_240' title='bbox 812 4475 845 4535; x_wconf 90' lang='lat' dir='ltr'>et</span> <span class='ocrx_word' id='word_1_241' title='bbox 869 4475 941 4546; x_wconf 77' lang='grc'><strong>(121</strong></span> <span class='ocrx_word' id='word_1_242' title='bbox 968 4477 1066 4550; x_wconf 80' lang='lat' dir='ltr'>sqq.):</span> 
     </span>
    </p>
   </div>
   <div class='ocr_carea' id='block_1_6' title="bbox 0 0 1632 5269">
    <p class='ocr_par' dir='ltr' id='par_1_10' title="bbox 0 0 1632 5269">
     <span class='ocr_line' id='line_1_35' title="bbox 0 0 1632 5269; baseline 0 0"><span class='ocrx_word' id='word_1_243' title='bbox 0 0 1632 5269; x_wconf 95' lang='lat' dir='ltr'> </span> 
     </span>
    </p>
   </div>
  </div>
 </body>
</html>
