3254 5274
849 639 892 698 ’46

327 846 375 890 vs.
400 831 464 891 592
488 846 535 904 sq.

347 943 432 1003 Dum
451 944 531 1003 haec
550 958 680 1003 mecum
700 945 821 1017 reputo,
843 941 1018 1002 arcessitur
1037 941 1183 1003 lavatum
1204 941 1329 1001 interea
1344 941 1448 1016 virgo:

348 1058 398 1133 lit,
424 1058 513 1133 lavit,
538 1057 649 1118 rediit:
674 1057 787 1116 deinde
808 1072 881 1116 eam
904 1055 937 1116 in
960 1055 1082 1116 lectum
1106 1056 1180 1115 illae
1204 1055 1410 1118 collocarunt.

280 1171 529 1231 Arcessitur
568 1173 600 1231 et
634 1171 903 1231 collocarunt
937 1169 1083 1244 legitima
1118 1185 1190 1229 esse
1224 1170 1381 1230 vocabula
1414 1171 1450 1229 de

280 1288 376 1348 iustis
399 1288 520 1362 nuptiis
547 1288 698 1348 observat
721 1287 917 1347 Scholiasta:
938 1286 1024 1346 haud
1044 1286 1160 1362 inepte,
1182 1285 1342 1359 siquidem
1362 1284 1449 1343 illam

281 1402 386 1475 ipsam
409 1401 569 1476 virginem
592 1417 671 1460 mox
694 1400 816 1461 iustam
839 1415 975 1460 uxorem
999 1399 1141 1461 Chaerea
1165 1400 1269 1459 ducet.

325 1517 388 1575 593
416 1516 636 1592 „ancillarum
659 1531 724 1575 una

889 1630 970 1688 heus
994 1631 1039 1703 tu,
1065 1628 1177 1705 inquit,
1202 1629 1294 1704 Dore,

391 1743 475 1818 Cape
487 1745 547 1804 hoc
559 1744 732 1819 flabellum,
748 1743 916 1803 ventulum
928 1744 1004 1802 huic
1016 1742 1063 1803 sic
1074 1743 1181 1819 facit0,
1195 1743 1273 1802 dum
1284 1742 1448 1801 lavamur:

390 1856 452 1916 Ubi
475 1872 535 1917 nos
558 1857 744 1933 laverimus,
770 1857 798 1916 si
821 1857 921 1931 voles,
946 1857 1087 1916 lavato.”

279 1971 428 2030 Ludibrio
452 1971 572 2030 habent
595 1972 779 2030 eunuchum
802 1970 936 2045 puellae.
961 1970 1060 2030 Recte
1085 1970 1172 2029 enim
1193 1969 1315 2029 Schol:
1339 1968 1450 2044 „quasi

279 2083 509 2166 satisfacientis
522 2086 573 2143 est
585 2086 667 2157 quod
677 2085 783 2144 solum
793 2083 885 2143 illum
894 2083 1077 2157 relinquant
1086 2098 1160 2142 cum
1168 2083 1325 2158 virgine,”
1335 2083 1450 2156 quibus

278 2197 385 2256 verbis
396 2198 478 2257 bene
490 2197 633 2258 illustrat
644 2198 908 2258 muliercularum
921 2198 954 2256 in
967 2199 1062 2256 domo
1074 2197 1258 2257 meretricia
1269 2196 1447 2257 lasciviam.

323 2311 395 2370 'loti
423 2310 583 2371 Chaereae
607 2312 783 2371 narrationi
806 2314 979 2386 postquam
1003 2327 1115 2371 aurem
1138 2311 1285 2386 praebuit
1307 2311 1448 2385 Antipho

278 2426 386 2498 rogat:
417 2425 498 2499 „Sed
522 2426 653 2484 interim
677 2426 715 2484 de
738 2425 896 2499 symbolis
921 2426 1046 2498 (quibus
1069 2428 1102 2485 te
1125 2424 1350 2500 praefecimus)
1375 2423 1448 2498 quid

278 2539 388 2597 actum
412 2541 462 2598 est
470 2539 506 2597 ?”

324 2649 375 2712 Ch.
399 2653 595 2712 Paratumst.
621 2653 682 2712 Aa.
707 2653 804 2727 Frugi
828 2669 879 2712 es:
903 2654 981 2713 ubi?
1005 2653 1139 2713 domin?
1166 2651 1217 2712 Cb.
1237 2653 1344 2712 immo
1366 2651 1446 2726 apud

692 2847 695 2854 Ι
1073 2767 1236 2838 [libertum
1259 2766 1402 2826 Discum.

321 2881 382 2940 Aa.
414 2881 611 2954 Perlongest.
639 2878 690 2940 Ch.
716 2881 777 2940 Sed
799 2883 891 2941 tanto
915 2881 1004 2940 ocius
1028 2896 1246 2956 properemus.
1272 2879 1333 2940 Aa.
1359 2880 1446 2939 Muta

900 2989 901 2995 ’
1254 2996 1403 3064 [vestem.

275 3109 373 3167 Recte
403 3123 462 3166 nos
494 3109 606 3167 monet
637 3109 834 3168 Scholiasta:
869 3109 969 3183 „haec
993 3101 1147 3184 οἰοοοομία
1171 3109 1222 3167 est
1245 3107 1285 3166 ad
1309 3107 1340 3166 id
1365 3106 1446 3180 quod

276 3221 308 3279 in
333 3222 465 3281 domum
490 3221 621 3281 Thaidis
644 3223 806 3282 rediturus
830 3224 880 3281 est
904 3222 1077 3282 Chaerea.”
1102 3221 1154 3280 rit
1176 3222 1237 3281 hoc
1259 3236 1308 3280 vs,
1335 3221 1409 3281 840.

322 3335 404 3410 „Ubi
423 3337 594 3394 mutem?”
616 3337 733 3395 anxius
753 3335 895 3395 Chaerea
911 3325 1004 3410 rogat
1018 3337 1124 3410 „certe
1136 3351 1201 3396 non
1214 3334 1301 3395 domi
1313 3335 1368 3393 ubi
1381 3335 1446 3394 iarn

274 3464 387 3507 vereor
413 3464 453 3508 ne
477 3451 510 3508 et
531 3451 623 3523 pater
647 3451 679 3509 et
702 3449 801 3509 frater
824 3439 899 3525 sint,
925 3465 944 3508 a
967 3450 1082 3523 quibus
1106 3448 1247 3523 conspici
1271 3449 1332 3508 hac
1354 3450 1446 3506 veste

274 3563 406 3621 indutus
429 3562 562 3622 nolim.”
587 3563 635 3621 lbi
659 3563 818 3637 Antipho:
846 3577 980 3638 „eamus
1004 3564 1043 3622 ad
1066 3563 1152 3622 me.”

318 3676 436 3734 Probat
477 3676 537 3735 hoc
579 3677 750 3735 consilium
793 3675 935 3736 Chaerea
977 3679 1009 3736 et
1048 3677 1088 3736 ad
1122 3675 1316 3751 Antiphonis
1351 3675 1446 3734 aedes

274 3789 393 3848 abeunt
413 3790 517 3849 ambo.

680 4088 790 4147 Acrus
813 4085 858 4146 IV
882 4087 990 4146 Scurra
1017 4088 1044 4147 1.

316 4252 438 4327 Dorias,
470 4252 566 4312 modo
598 4267 617 4310 a
644 4251 764 4310 Thaide
787 4251 938 4326 profecta,
963 4252 999 4309 ut
1023 4249 1186 4309 Chremeti
1210 4249 1306 4308 aedes
1328 4248 1444 4308 militis

272 4368 479 4439 monstraret,
511 4365 583 4424 inde
614 4365 706 4426 redit.
738 4364 886 4422 Accurrit
917 4367 1027 4423 autem
1055 4363 1220 4438 anhelans,
1245 4362 1441 4439 exanimata,

271 4481 392 4538 terrore
422 4479 578 4552 perculsa.
612 4477 697 4537 Cur?
729 4476 909 4536 Chremetis
940 4477 1026 4536 illius
1058 4478 1216 4536 adventus
1239 4477 1322 4537 iram
1345 4477 1443 4536 militi
