3254 5274
742 643 782 702 57

584 882 694 939 Acrus
717 879 761 938 IV
785 881 893 940 Scaeva
917 882 946 939 6.

222 1069 347 1127 Ardens
377 1069 425 1128 ira
455 1068 553 1127 Thais
585 1067 732 1140 advenit;
764 1082 843 1126 mox
866 1067 1053 1126 adfuturum
1076 1066 1225 1140 militem,
1251 1081 1347 1139 quem

168 1183 259 1242 ferre
283 1183 349 1241 iam
372 1198 436 1241 non
459 1183 574 1256 potest,
601 1182 784 1254 exspectat3
813 1179 902 1254 ,sine
924 1179 1056 1238 veniat”
1082 1179 1128 1238 ait
1151 1183 1209 1248 (10.
1235 1180 1327 1248 739);

267 1295 325 1370 Qui
345 1296 373 1354 01
393 1296 484 1355 illam
504 1295 603 1369 digito
623 1310 687 1353 uno
707 1294 861 1368 attigerit,
883 1293 966 1353 oculi
986 1293 1033 1351 illi
1053 1293 1126 1354 ilico
1139 1293 1345 1352 ecfodientur.

169 1410 316 1484 Vulgata
339 1411 434 1470 lectio
459 1412 525 1469 est:

264 1523 363 1597 Atqui
383 1524 411 1582 si
431 1523 522 1583 illam
542 1523 642 1597 digito
662 1522 807 1596 attigerit
826 1537 898 1598 uno,
920 1520 1004 1581 oculi
1024 1521 1097 1581 ilico
1118 1521 1323 1596 ecfodientur,

169 1653 232 1712 pro
267 1653 330 1710 qua
362 1615 590 1696 Fleckeisenus
621 1651 694 1694 eam
725 1635 814 1695 dedit
843 1651 941 1708 quam
973 1634 1080 1708 citavi,
1113 1634 1188 1706 quia
1219 1634 1348 1694 dativus

170 1751 292 1824 aliquis
312 1751 562 1810 desiderabatur.
584 1751 646 1809 Sed
665 1749 744 1808 illud
763 1749 831 1822 qui
851 1749 887 1808 01
908 1750 1032 1807 rectum
1053 1762 1124 1806 esse
1144 1763 1208 1807 non
1223 1750 1346 1822 potest;

170 1865 293 1923 melius
323 1865 406 1924 foret
437 1863 541 1936 quod
572 1863 624 1936 si;
657 1863 712 1922 sed
743 1862 885 1936 simplex
912 1861 948 1920 si
971 1861 1121 1920 omnibus
1145 1860 1217 1920 aliis
1240 1861 1346 1921 lectio·

171 1979 271 2037 nibus
293 1980 483 2052 praestaret.
507 1978 653 2050 Propone
677 1977 775 2051 igitur

265 2092 298 2150 Si
321 2092 412 2151 illam
436 2091 535 2165 digito
559 2090 704 2165 attigerit
726 2107 800 2163 uno,
826 2089 909 2149 oculi
932 2089 979 2148 illi
1002 2089 1075 2148 ilico
1099 2088 1296 2148 ecfodientur

173 2211 261 2277 (cum
291 2206 384 2266 hiatu
415 2208 490 2265 ante
521 2221 690 2265 caesuram
720 2205 952 2279 principalem).
984 2205 1076 2262 Nunc
1106 2205 1217 2263 tamen
1248 2204 1280 2263 in
1307 2204 1348 2264 110

173 2337 257 2395 quae
280 2320 395 2380 statim
418 2322 613 2393 sequuntur:

264 2435 374 2507 Usque
395 2434 473 2493 adeo
493 2433 580 2493 illius
599 2434 682 2493 ferre
702 2449 836 2507 possum
850 2432 1005 2506 ineptiam
1022 2433 1054 2490 01
1066 2429 1239 2505 magnifica
1250 2431 1349 2490 verba

263 2549 369 2608 Verba
392 2548 469 2606 dum
493 2547 576 2607 sint:
601 2563 715 2607 vemm
739 2547 827 2606 enim
851 2546 879 2605 si
903 2547 1036 2606 adrem
1061 2546 1272 2618 conferentur,

1076 2647 1078 2652 ’
1172 2657 1350 2745 [vapulabit

175 2773 323 2849 displicet
357 2790 534 2850 pronomen
565 2773 727 2850 ἒμφατικόν
759 2774 882 2834 1111110
913 2769 946 2833 01
979 2773 1026 2848 ,si
1059 2773 1176 2842 (verba)
1209 2772 1248 2830 ad
1278 2786 1348 2830 rem

176 2888 400 2948 conferentur”
425 2889 482 2948 vix
506 2903 623 2948 sanum
647 2903 718 2947 csse
743 2888 845 2947 credo

221 3002 422 3075 Simulatque
454 3001 659 3062 Chremetem
684 3003 797 3061 adesse
822 3001 980 3075 cognovit,
1007 3015 1082 3059 eum
1105 2999 1152 3058 sic
1176 2998 1349 3071 alloquitur

176 3116 273 3176 Thais
309 3120 367 3186 (vs.
404 3116 496 3185 743):
536 3131 572 3189 ,o
607 3116 654 3175 mi
686 3115 849 3191 Chremes,
881 3117 914 3173 10
946 3114 1053 3187 ipsum
1085 3107 1347 3186 exspectabam.”

175 3231 311 3290 Tollitur
342 3246 417 3304 pars
446 3229 625 3305 molestiae,
655 3230 692 3288 de
717 3245 780 3301 qua
803 3229 842 3287 ad
866 3243 914 3287 vs.
941 3229 1004 3286 738
1030 3227 1186 3300 dicebam,
1211 3224 1348 3296 BentleJ'i

177 3344 359 3404 coniectura
390 3344 619 3416 expetesso
650 3358 706 3416 pro
738 3341 1050 3415 exspectabam.
1082 3339 1153 3398 Non
1180 3337 1349 3398 tamenin

176 3475 209 3518 re
232 3461 302 3518 tam
326 3457 422 3517 dubia
445 3473 517 3516 eam
541 3457 675 3531 probare
699 3457 814 3516 ausim.

223 3573 375 3647 ,Propter
398 3572 452 3630 te”
473 3567 571 3630 Thais
591 3571 637 3630 ait
657 3575 715 3641 (vs
738 3572 812 3639 746)
835 3571 933 3644 ,haec
953 3572 1049 3642 atque
1070 3567 1255 3627 huiusmodi
1274 3583 1349 3626 sum

177 3686 280 3744 multa
303 3685 432 3759 passa.’'
457 3684 606 3744 Ostendit
628 3684 689 3758 hic,
715 3685 752 3742 ut
775 3683 894 3758 opinor,
915 3685 1043 3742 vestem
1063 3683 1211 3742 scissam.
1226 3669 1348 3756 ,Prop-

176 3800 225 3856 ter
255 3800 304 3871 10;
337 3813 414 3857 nam
445 3813 589 3857 sororem
619 3800 711 3858 tuam
742 3797 800 3856 tibi
831 3797 1002 3856 restituere
1033 3797 1236 3856 studebam.'’
1268 3795 1349 3868 ,Ubi

178 3926 215 3969 ea
244 3912 339 3970 est?’'
372 3914 463 3984 rogat
495 3910 658 3972 Chremes,
683 3911 867 3984 Respondet
890 3909 988 3968 Thais
1014 3910 1127 3984 ,Domi
1152 3910 1234 3983 apud
1261 3909 1347 3966 me.'’

178 4023 237 4082 Hic
260 4023 431 4084 Chremes:
459 4025 602 4098 „Heml’'
628 4026 660 4083 01
684 4023 798 4083 Thais:

860 4137 939 4212 Quid
964 4139 1037 4197 est?

413 4250 536 4310 Educta
559 4251 605 4310 ita
628 4251 676 4310 uti
700 4253 795 4323 teque
818 4249 935 4323 illaque
948 4250 1123 4324 dignumst.

180 4362 321 4423 Annotat
345 4363 540 4423 Scholiasta:
569 4363 704 4436 ,Hem:
730 4363 884 4423 extimuit
903 4363 1090 4423 adolescens
1110 4377 1184 4420 cum
1204 4377 1347 4420 sororem

180 4491 271 4536 suam
295 4476 328 4537 in
352 4477 447 4536 domo
470 4477 650 4539 meretricis
675 4493 745 4539 esse
770 4476 903 4564 audiret,
929 4477 979 4536 cui
1003 4477 1049 4537 rei
1073 4475 1186 4537 statim
1210 4474 1348 4536 occurrit
