3230 5260
846 692 887 754 98

277 885 395 960 culum,
427 884 588 958 simulque
620 885 707 944 vitae
732 885 1014 945 accommodatum
1038 885 1153 960 magis,
1179 899 1279 959 quam
1300 903 1374 947 eum
1397 887 1447 960 qui

277 1000 331 1058 diu
362 1000 395 1059 in
427 999 566 1058 alterum
598 998 805 1058 contumeliis
836 999 880 1058 sit
911 998 1068 1074 invectus
1101 999 1234 1060 taudem
1267 1001 1318 1060 his
1346 1001 1448 1060 verbis

278 1113 416 1172 eundem
439 1112 576 1185 alloqui:
604 1113 763 1186 ,huncine
787 1113 982 1171 irasceris?'’
1000 1106 1019 1182 ¹)

321 1229 422 1288 Hem
452 1243 548 1286 nemo
573 1228 744 1302 exclamat,
772 1227 836 1286 nisi
859 1228 913 1301 qui
926 1228 1034 1287 animo
1047 1228 1258 1287 vehementer
1271 1231 1449 1288 commotus

276 1343 546 1417 perturbatusque
577 1344 637 1417 est,
671 1343 767 1415 atque
799 1341 965 1416 inopinata
996 1357 1030 1400 re
1052 1342 1158 1416 plane
1171 1343 1347 1416 perculsus.
1371 1343 1448 1416 Ergo

276 1456 329 1515 vel
359 1458 467 1515 metus
498 1455 551 1515 vel
581 1455 630 1515 ira
659 1456 712 1514 vel
744 1455 922 1528 indignatio
946 1454 1012 1514 iata
1034 1455 1256 1515 interiectione
1280 1454 1449 1530 significari

276 1571 391 1645 potest,
425 1570 599 1629 dummodo
630 1570 908 1628 vehementes
939 1569 986 1627 illi
1014 1569 1080 1628 siut
1101 1570 1237 1629 affectus
1258 1571 1291 1629 et
1310 1570 1447 1629 subito

276 1684 353 1742 nati.
391 1682 470 1757 Quid
505 1685 590 1756 quod
623 1684 776 1757 gaudio
813 1697 938 1755 quoque
971 1683 1180 1756 exprimendo
1213 1686 1289 1757 apta
1313 1687 1371 1759 est,
1396 1683 1448 1742 sed

276 1813 394 1870 magno
426 1799 458 1856 et
482 1798 573 1856 cuius
598 1813 696 1856 causa
720 1798 763 1856 sit
787 1797 1003 1870 inexpectata.
1029 1797 1104 1855 Tria
1127 1796 1207 1857 dabo
1231 1798 1389 1872 exempla.
1413 1799 1448 1856 In

276 1926 408 1970 scenam
442 1911 548 1984 prodit
583 1909 751 1984 Ctesipho;
788 1911 928 1969 summis
963 1910 1111 1969 laudibus
1147 1910 1291 1986 fratrem,
1330 1927 1348 1970 a
1390 1926 1448 1984 quo

275 2025 389 2098 ingens
414 2025 572 2098 acceperit
595 2022 797 2098 beneficium,
822 2023 856 2082 in
880 2024 1006 2083 coelum
1031 2023 1132 2082 effert.
1154 2023 1217 2082 Ubi
1236 2039 1313 2083 vero
1333 2039 1353 2083 a
1373 2023 1447 2097 Syro

276 2154 369 2197 servo
401 2122 536 2198 audivit
555 2155 652 2213 prope
684 2139 797 2198 adesse
825 2138 917 2197 illurn
941 2138 1091 2210 domique
1116 2153 1151 2196 se
1175 2141 1356 2214 expectare,
1382 2154 1447 2197 con·

274 2251 378 2311 tinere
403 2267 439 2310 se
463 2267 527 2310 non
550 2254 658 2326 potest
682 2253 758 2325 quin
785 2252 901 2327 „hem”
928 2252 1090 2310 exclamet
1114 2251 1183 2320 (Ad.
1210 2252 1295 2322 260).

321 2366 419 2424 Andr.
455 2381 504 2424 vs.
542 2353 616 2425 351.
653 2365 811 2440 Cognovit
845 2365 1034 2439 Pamphilus
1066 2381 1085 2424 a
1116 2367 1208 2440 patre
1231 2366 1294 2425 sibi
1316 2382 1448 2427 uxorem

276 2479 473 2537 destinatam
504 2494 602 2552 quam
629 2450 705 2553 ipse
722 2479 857 2538 minime
881 2478 970 2538 velit.
995 2479 1045 2538 Ad
1070 2479 1198 2538 Davum
1223 2495 1298 2554 ergo
1322 2495 1448 2539 servum

275 2591 434 2652 sollicitus
469 2592 577 2652 animo
609 2592 752 2666 confugit
783 2592 993 2665 obsecratque
1026 2593 1194 2652 hominem
1228 2596 1265 2653 ut
1297 2608 1332 2652 se
1362 2595 1447 2652 metu

276 2705 330 2764 illo
358 2706 481 2764 liberet.
506 2707 550 2765 At
574 2705 644 2764 ille:
672 2706 786 2780 ,Hem,
812 2705 932 2764 libero’'
959 2704 1132 2764 exclamat.
1158 2705 1289 2765 Eenim
1312 2706 1447 2779 aliquan-

275 2819 376 2893 tisper
399 2834 511 2878 secum
535 2819 732 2893 deliberavit,
759 2834 837 2878 mox
859 2818 888 2877 ei
912 2834 964 2877 res
985 2834 1004 2878 a
1024 2834 1059 2877 se
1079 2820 1448 2893 conspectammentem

276 2934 374 3007 venit,
400 2949 498 3007 quam
522 2933 690 2991 commode
711 2932 863 3005 intelligit
884 2934 1077 3005 argumento
1100 2947 1172 2991 esse
1191 2932 1273 2992 falso
1286 2933 1449 2992 dominum

275 3047 389 3105 terreri
423 3048 523 3105 metu.
560 3046 672 3118 ltaque
699 3046 790 3104 hem
822 3045 995 3120 exclamat,
1028 3061 1169 3119 namque
1201 3045 1304 3105 felicis
1329 3044 1448 3105 inventi

275 3161 326 3220 sui
345 3161 464 3235 gaudio
489 3161 598 3220 exsult
619 3163 643 3220 t.

320 3276 418 3336 Andr.
455 3277 529 3334 969.
562 3275 687 3349 Quanta
718 3275 779 3334 sibi
811 3274 951 3336 felicitas
975 3275 1127 3348 obtigerit
1148 3275 1339 3348 Pamphilus
1362 3275 1447 3333 Davo

276 3391 395 3448 narrat.
424 3389 534 3462 „Mea”
561 3390 607 3448 ait
632 3389 837 3462 ,Glycerium
859 3403 936 3446 suos
956 3390 1108 3461 parentes
1128 3389 1288 3462 repperit'
1303 3390 1449 3462 etgratu-
1505 3410 1507 3414 .
1600 3365 1601 3368 Ἴ

276 3504 361 3562 latur
392 3503 421 3562 ei
445 3517 559 3561 servus
583 3503 680 3562 solita
701 3502 858 3561 formula:
887 3501 1029 3576 ,iactum
1054 3502 1167 3560 bene.'’
1192 3504 1237 3561 At
1256 3517 1369 3561 eorum
1388 3517 1447 3560 ser-

276 3633 407 3677 monem
445 3617 574 3676 -audivit
617 3616 791 3676 Charinus:
836 3615 1020 3688 Glycerium
1055 3615 1123 3674 iore
1158 3615 1280 3676 iustam
1314 3630 1448 3675 uxorem

276 3732 436 3805 Pamphili
478 3732 638 3806 intelligit,
682 3746 785 3803 neque
820 3745 904 3804 ergo,
941 3732 1065 3788 remoto
1101 3731 1238 3805 aemulO,
1276 3731 1448 3804 quidquam

276 3848 404 3906 obstare
427 3848 599 3921 quominus
619 3848 687 3920 ipse
707 3845 943 3918 Philumenam,
966 3845 1056 3902 ouius
1077 3845 1190 3903 ardeat
1210 3860 1328 3920 amore,
1344 3846 1446 3904 ducat.

276 3962 388 4021 Subita
411 3964 522 4021 autem
540 3961 665 4020 laetitia
684 3959 830 4033 perfundi
851 3959 1091 4017 adolescentem
1111 3973 1152 4016 ex
1172 3974 1237 4017 una
1249 3959 1445 4033 vocehem,

276 4093 339 4149 qua
361 4078 415 4136 ille
438 4078 549 4152 utitur,
575 4076 809 4150 cognoscimus.

319 4191 390 4250 Non
424 4192 551 4266 poterat
585 4192 696 4249 autem
723 4189 810 4248 illius
833 4185 1065 4247 interiectionis
1090 4185 1140 4244 vis
1165 4187 1261 4259 atque
1285 4185 1447 4261 emphasis

305 4483 320 4533 ¹)
340 4479 365 4524 Sl
388 4480 450 4524 lllud
472 4480 570 4526 sicine
591 4481 658 4533 agis
678 4479 777 4534 Belgica
794 4479 912 4523 verteris:
933 4477 989 4533 „dat
1010 4476 1033 4521 10
1046 4487 1080 4520 nu
1094 4476 1149 4520 niet
1163 4475 1229 4519 moal
1244 4486 1295 4520 van
1306 4475 1352 4530 je'’,
1367 4461 1447 4518 Latini

275 4560 335 4604 dicti
349 4560 455 4604 colorem
470 4560 585 4604 accurato
598 4559 742 4609 reddideris.
