3234 5254
824 612 886 670 184

310 801 347 874 V„
377 801 406 874 1,
434 801 461 858 l.
487 798 693 858 Occidunt
724 812 784 856 me
816 797 993 870 quidem]
1022 797 1207 871 „quidem
1230 811 1287 870 pro
1312 811 1433 870 exspec-

265 915 387 975 tatione
429 913 510 972 est.”
553 913 654 985 Lege:
700 911 885 986 „quidem
927 914 1056 986 propter
1099 910 1323 986 exceptionem
1358 911 1433 969 est.''

265 1027 394 1088 Etenim
417 1044 477 1086 me
509 1026 675 1100 quidem
698 1024 875 1100 significat:
904 1042 985 1100 „me„
1010 1041 1074 1084 non
1098 1024 1210 1084 alios”
1291 1103 1293 1106 Ι

313 1144 363 1202 10.
409 1142 566 1217 „Maceria
607 1141 723 1200 dicitur
764 1141 870 1215 paries
913 1155 998 1199 nunc
1033 1139 1168 1198 alicuius
1203 1138 1434 1197 demacerata.'’

266 1258 432 1316 Praeclare
463 1257 543 1316 haec
573 1257 619 1315 sic
651 1257 803 1315 emendat
833 1256 1096 1315 Westerhovius:
1125 1253 1302 1328 „maceries
1326 1253 1436 1313 dicitur

264 1372 371 1446 paries
394 1386 458 1429 non
482 1370 567 1429 altus
591 1386 608 1429 e
632 1370 718 1429 00100
742 1371 938 1428 macerata.’'

313 1486 363 1543 16.
389 1484 487 1542 Iube
507 1499 613 1542 nuuc
633 1484 724 1552 iam]
757 1486 945 1557 „tamquam
965 1483 1109 1557 praestet
1126 1481 1284 1540 Micioni.”
1299 1480 1435 1538 Absente

266 1599 346 1657 haec
372 1595 506 1656 Micione
530 1597 607 1655 dicit
630 1597 760 1670 Demea,
786 1595 842 1654 sed
866 1595 1007 1669 loquitur
1034 1597 1223 1670 „tamquam
1246 1595 1374 1668 praesto
1397 1593 1436 1651 sit
1494 1573 1496 1578 ’

266 1709 391 1787 Μ1010,”
417 1711 499 1784 quod
524 1711 575 1770 hic
598 1710 780 1784 legendum.

310 1824 355 1883 lb.
395 1823 512 1898 „Quasi
547 1824 741 1883 insultantes
777 1824 881 1882 dicere
912 1823 1056 1883 solemus
1087 1838 1173 1882 nunc
1207 1821 1326 1880 minari
1356 1835 1437 1879 nunc

267 1937 420 1997 assistere
455 1953 551 2010 quem
587 1938 742 1996 afflictum
777 1938 959 1996 tenemus.’'
994 1937 1053 1997 Est
1087 1937 1167 1996 haec
1202 1935 1367 1995 annotatio
1401 1936 1436 1994 de

267 2052 450 2125 acerbitate„
484 2066 564 2124 quae
596 2051 702 2110 inesse
733 2051 836 2109 soleat
867 2051 1083 2110 coniunctioni
1114 2065 1236 2125 nunc„
1270 2049 1298 2107 si
1322 2049 1436 2121 impe-

240 2166 408 2240 ¹rativo
439 2165 583 2224 addatur.
615 2165 699 2238 Lege
731 2179 804 2237 ergo
837 2163 980 2224 iubere
1011 2180 1067 2239 pro
1095 2163 1236 2223 dicere
1261 2164 1293 2221 et
1316 2162 1436 2221 insul-

266 2281 358 2338 tare
381 2294 437 2352 pro
461 2278 681 2336 assistere.

313 2391 363 2450 25.
397 2390 574 2450 Consilium
605 2391 693 2450 dedit
723 2391 867 2451 lenitatis
898 2391 1030 2465 plenum
1061 2392 1191 2466 Demea„
1220 2391 1353 2462 ideoque
1376 2391 1436 2448 lau·

268 2506 363 2564 datus
386 2505 453 2579 „sic
472 2505 581 2564 soleo'’
602 2505 657 2564 ait.
679 2505 728 2564 Ad
749 2521 829 2578 quae
849 2505 948 2564 verba
964 2507 1154 2564 annotatur:
1171 2506 1298 2580 „potest
1309 2501 1438 2582 εἰρωνεία

267 2618 377 2693 videri„
410 2619 524 2693 quippe
553 2619 678 2691 quando
702 2619 767 2678 tale
791 2619 963 2678 consilium
985 2620 1099 2693 probat
1122 2618 1244 2678 Demea
1267 2621 1350 2692 quod
1373 2635 1436 2694 pro-

266 2731 356 2791 baret
388 2732 607 2791 adolescens.”
631 2733 733 2806 Lego:
762 2733 896 2806 „quippe
921 2732 1046 2804 quando
1071 2732 1136 2791 tale
1160 2732 1331 2791 consilium
1356 2733 1438 2792 dedit

265 2845 387 2904 Demea
411 2861 439 2918 q.
461 2862 490 2919 p.
512 2846 699 2905 adolescens
708 2847 743 2904 ?'’
764 2846 871 2905 Antea
891 2847 979 2905 enirn
999 2860 1165 2918 nunquam
1185 2846 1249 2904 tale
1271 2846 1437 2906 consilium

266 2958 354 3017 dedit
375 2958 505 3018 Demea.
1198 2965 1201 2970 ⁴

310 3182 347 3256 V„
370 3183 399 3255 8,
424 3184 473 3242 11.
497 3185 601 3244 Situ
622 3185 682 3242 sis
703 3185 834 3254 homo]
856 3184 927 3258 „hie
939 3184 1042 3243 facete
1056 3186 1088 3242 et
1100 3185 1181 3244 mire
1195 3185 1299 3258 coegit
1310 3185 1437 3244 Aeschi-

266 3311 345 3355 num
377 3297 416 3355 ad
446 3299 714 3370 persuadendum.
748 3298 818 3356 Non
850 3298 937 3357 enim
968 3297 1051 3356 dixit
1081 3299 1117 3356 si
1148 3300 1191 3356 tu
1219 3299 1280 3357 sis
1303 3299 1435 3374 homo„

264 3411 472 3485 persuade
504 3412 560 3470 sed
591 3412 638 3470 sic
665 3411 831 3470 faciat.’'
856 3410 989 3484 Egregie
1012 3411 1258 3470 Westerhovius
1281 3428 1338 3486 pro
1365 3413 1436 3487 „sed

264 3525 311 3584 sic
334 3525 453 3584 faciat'’
478 3525 588 3599 reponi
612 3524 707 3584 iussit
729 3525 804 3598 „sed
825 3523 1077 3584 1110100101.”
1098 3525 1230 3598 Legitur
1250 3525 1337 3584 enim
1359 3525 1435 3600 apud

263 3640 412 3714 poetam:
437 3639 473 3698 si
503 3641 547 3697 tu
578 3639 640 3697 sis
672 3639 791 3697 homo
822 3639 889 3698 hic
919 3639 1063 3698 faciat.

312 3754 361 3812 15.
398 3752 478 3826 Ego
513 3767 646 3811 novus
681 3752 863 3811 maritus
898 3767 1004 3811 anno
1036 3751 1197 3811 demum
1229 3753 1376 3824 quinto
1400 3754 1435 3812 01

263 3867 536 3940 sexagesimo
560 3865 662 3924 fiam
687 3867 813 3938 atque
833 3881 954 3924 anum
975 3866 1237 3940 decrepitam
1258 3866 1433 3936 ducam?]

267 3979 339 4053 „hic
373 3981 464 4039 deest
499 3981 533 4038 et
567 3979 660 4052 quis
692 3981 724 4039 et
755 3979 851 4051 quid
883 3980 916 4038 et
947 3979 1109 4052 quando
1141 3980 1174 4038 et
1204 3979 1434 4052 quomodo.''

263 4093 350 4151 Nihil
381 4093 480 4168 deest„
514 4094 570 4152 sed
602 4093 635 4152 in
664 4109 729 4152 una
756 4093 1006 4166 interrogatione
1030 4093 1141 4152 insunt
1163 4093 1335 4169 permulta„
1361 4107 1436 4168 quae

265 4206 375 4265 omnia
398 4207 548 4281 deinceps
572 4208 812 4266 enumerantur.
837 4207 921 4280 Lege
946 4222 1019 4280 ergo
1045 4207 1159 4265 inest
1180 4222 1237 4280 pro
1262 4207 1390 4266 deest.

310 4320 361 4378 22.
388 4321 534 4379 Sostrata
558 4319 675 4378 absens
699 4335 801 4393 neque
826 4320 973 4378 consulta
996 4321 1124 4379 Micioni
1147 4336 1228 4379 uxor
1249 4320 1435 4380 obtruditur.

262 4433 368 4506 Rogat
388 4433 584 4493 Scholiasta:
609 4449 685 4508 „cur
705 4433 757 4492 hic
771 4449 835 4493 non
848 4433 984 4492 vertitur
997 4433 1035 4492 de
1048 4434 1215 4493 voluntate
1229 4435 1394 4494 Sostratae
1403 4434 1436 4493 ?'’
