3234 5254
731 672 790 730 197

206 859 297 917 Modo
330 859 484 933 Sostrata,
517 859 672 932 inquam
695 858 834 918 maritus
858 859 1038 918 contulerat
1061 858 1189 930 culpam
1213 858 1337 918 discidii

157 970 264 1030 filium
287 973 371 1032 inter
394 975 427 1032 et
449 989 585 1032 uxorem
609 975 688 1048 eius,
713 973 931 1032 discessuram
954 987 989 1031 se
1014 972 1097 1031 dixit
1116 987 1191 1032 cum
1210 972 1335 1047 Phidip-

157 1100 220 1159 pus
244 1086 376 1146 advenit
398 1087 459 1146 hoc
482 1087 597 1146 nuntio
620 1101 693 1146 eam
716 1087 912 1160 purgaturus
936 1089 994 1155 (vs.
1022 1087 1090 1154 tol:

249 1200 278 1258 A
302 1200 466 1272 Myrrhina
488 1199 569 1260 haec
591 1202 669 1260 sunt
692 1214 767 1259 mea
789 1215 890 1260 uxore
914 1201 1028 1258 exorta
1051 1199 1169 1258 omnia.

157 1311 221 1371 Hic
246 1311 434 1386 Pamphilus
455 1328 583 1372 secum:
608 1313 766 1387 „mutatio
785 1311 855 1372 fit.’'
875 1314 1075 1373 Annotatur:
1099 1314 1336 1387 „mutationem

157 1424 378 1499 suspicionem
408 1425 486 1486 dicit
516 1441 720 1500 erroremque
750 1426 982 1500 iurgantium.”
1011 1425 1088 1500 Quis
1111 1441 1254 1500 unquam
1277 1443 1334 1502 pro

158 1539 351 1613 suspicio
386 1540 438 1600 vel
473 1555 590 1601 error
624 1540 706 1600 dixit
737 1541 944 1600 mutatio?
974 1541 1008 1600 L.
1040 1542 1336 1615 suspicionum

158 1668 434 1726 errorumque
464 1635 521 1728 pro
552 1654 844 1728 suspicionem
874 1669 1153 1728 erroremque.
1178 1655 1262 1714 Nam
1285 1671 1335 1715 su·

157 1767 259 1840 spicio
282 1766 335 1826 hic
358 1768 576 1842 suspicionem
598 1768 700 1828 trudit
723 1770 756 1828 et
778 1769 898 1842 iurgari
921 1770 1060 1842 pergunt
1083 1769 1167 1829 inter
1190 1770 1337 1843 sopater

157 1882 321 1956 Pamphili
351 1897 503 1955 socerque
534 1883 568 1942 ln
598 1898 720 1942 novum
751 1898 893 1942 errorem
924 1882 1055 1942 inducti.
1088 1883 1167 1943 Vide
1198 1899 1337 1956 sequens

157 1995 322 2056 scholion:
346 1997 530 2056 mutatio
553 1997 617 2066 fit]
647 1997 813 2071 „criminis
836 1996 960 2056 scilicet
983 1997 1016 2056 et
1038 1997 1194 2071 peccati.”

206 2110 257 2169 21.
281 2108 404 2184 „Quid
423 2111 621 2171 mulieris
642 2111 776 2170 dixitne
790 2110 910 2169 diceret
929 2109 1094 2182 qualem
1114 2111 1337 2171 mulierem

159 2224 217 2282 aut
249 2222 369 2296 aliquid
392 2225 555 2298 gravius.’'
580 2225 641 2284 Pro
665 2225 737 2283 aut
759 2224 885 2298 legatur
908 2223 988 2282 sed.
1013 2223 1071 2282 Est
1094 2225 1182 2282 enim
1205 2226 1336 2298 gravius

159 2337 194 2395 et
222 2336 368 2395 acerbius
392 2338 489 2410 quid
512 2338 709 2398 mulieris
733 2337 861 2396 habes
885 2352 983 2410 quam
1005 2337 1172 2410 qualem
1195 2338 1337 2398 mulie·

159 2465 246 2509 rem
270 2451 409 2511 habes.
435 2452 518 2511 illud
541 2468 619 2512 mox
639 2453 756 2511 dicitur
778 2452 1002 2526 „reprehensio
1023 2467 1097 2511 cum
1117 2453 1337 2526 contemptu.”

205 2564 258 2623 42.
291 2565 376 2638 „Nec
399 2580 512 2639 rogare
536 2581 684 2625 socerum
707 2580 767 2624 nec
790 2565 947 2624 interesse
971 2565 1122 2624 convenit
1144 2565 1198 2624 ubl
1222 2566 1338 2625 certior

161 2677 206 2736 sit
233 2678 274 2736 ad
300 2678 534 2752 repudiandum
561 2680 690 2752 gener.”
719 2679 833 2753 Inepta
855 2679 999 2738 oratione
1026 2679 1087 2738 hoc
1110 2679 1172 2737 dici
1195 2679 1339 2738 videtur:

165 2790 213 2864 „si
245 2806 362 2863 genero
393 2793 496 2851 semel
520 2792 732 2852 deliberatum
756 2794 806 2851 est
829 2792 996 2865 repudiare
1019 2807 1165 2866 uxorem,
1190 2807 1338 2852 socerum
1440 2777 1444 2784 ¹

162 2918 226 2962 non
247 2903 338 2964 decet
358 2919 507 2977 rogare
527 2905 557 2974 (i.
572 2921 598 2964 e.
619 2919 730 2979 preces
750 2904 910 2974 adhibere)
930 2905 982 2964 vel
995 2919 1179 2964 remanere:
1194 2906 1338 2966 abeundo

165 3017 258 3076 litem
281 3015 373 3076 finire
397 3018 522 3078 debet.”

206 3133 260 3192 48.
285 3132 458 3193 Alamus
481 3135 683 3193 nostrum.
708 3134 858 3192 Lachetis
882 3133 962 3192 haec
985 3135 1061 3192 sunt
1084 3133 1124 3192 ad
1143 3132 1337 3208 Phidippum

163 3245 271 3304 verba.
304 3245 505 3306 annotatur:
541 3247 689 3321 „Scilicet
719 3247 880 3321 Pamphili
910 3244 1014 3305 lilium
1044 3247 1196 3321 nepotem
1226 3262 1338 3306 meum

161 3360 336 3432 utrumque
392 3360 573 3419 nostrum.'’
631 3361 692 3419 Pro
748 3375 883 3419 meum
935 3360 1159 3432 utrumque
1212 3360 1339 3434 legatur

161 3472 397 3546 utriusque.

209 3587 261 3646 53.
287 3585 550 3660 indignabundus
572 3588 665 3661 pater
686 3584 790 3645 filium
813 3588 921 3661 rogat:

318 3702 473 3775 ignarum
497 3717 610 3762 censes
633 3703 765 3761 tuarum
788 3702 996 3761 lacrimarum
1021 3717 1092 3760 esse
1116 3703 1193 3760 me?

164 3815 364 3875 annotatur:
392 3818 544 3891 „apparet
567 3816 660 3874 illum
684 3831 703 3874 a
726 3816 874 3875 Sostrata
896 3816 956 3875 hoc
980 3815 1151 3890 audivisse,
1173 3830 1250 3874 nani
1270 3815 1339 3889 ipse

163 3927 267 3987 illium
300 3929 554 4003 deprehenderat
584 3929 749 3988 flentem.'’
782 3929 913 4005 Quando
944 3929 1081 3988 dicimus
1113 3931 1238 3989 certum
1267 3943 1339 3988 esse

164 4041 306 4114 aliquem
339 4043 378 4101 ab
410 4043 473 4102 alio
504 4043 623 4116 aliquid
654 4043 842 4103 audivisse?
872 4044 994 4117 Nempe
1026 4058 1100 4102 cum
1131 4043 1262 4116 scimus,
1287 4042 1340 4100 vel

165 4155 248 4214 scire
279 4156 372 4214 nobis
403 4156 561 4230 videmur,
594 4171 669 4216 eum
696 4172 760 4216 non
784 4156 852 4216 suis
876 4157 977 4216 oeulis
999 4157 1205 4229 praesentem
1228 4170 1340 4228 cogno-

164 4268 264 4328 visse.
307 4268 390 4342 Ergo
432 4270 530 4328 verbo
569 4270 908 4343 deprehenderat
941 4268 1179 4343 praemittenda
1212 4267 1342 4342 negatio

67 4437 70 4444 ⁴
163 4396 257 4464 non..
277 4380 523 4441 Westerhovius
546 4397 624 4441 non
648 4399 704 4455 pro
727 4398 819 4441 nam
838 4383 902 4457 legi
921 4383 1018 4454 iubet,
1040 4382 1096 4440 sed
1117 4381 1339 4441 coniunctione

159 4509 255 4554 nam
279 4509 387 4555 carere
410 4495 463 4556 hic
486 4511 550 4556 non
572 4510 756 4569 possumus,
