3254 5274
699 673 772 734 ·ar
877 633 878 638 Ν

163 859 235 933 lejo.
264 859 304 920 ut
326 861 437 922 laudat
459 861 549 921 illam
574 863 792 922 coniecturam
816 863 1027 922 Ruhnkenius
1050 862 1253 934 defenditque
1276 859 1338 920 hoc

163 989 180 1033 6
208 973 359 1034 Cicerone
383 974 427 1044 (in
451 976 602 1035 Pisonem
629 977 679 1045 17)
703 976 772 1036 loco
796 975 975 1036 afferendo:
1003 975 1076 1050 ,ille
1099 990 1216 1049 gurges
1240 976 1336 1046 atque

163 1088 280 1164 helluo,
304 1091 401 1148 natus
425 1089 589 1149 abdomini
611 1105 679 1164 suo,
705 1104 769 1149 non
791 1090 880 1149 laudi
902 1105 940 1148 ac
962 1089 1114 1163 gloriae.'’
1140 1087 1237 1162 Quasi
1260 1102 1336 1147 vero

162 1200 229 1261 ulla
248 1201 300 1261 1116
319 1203 364 1262 611
382 1203 563 1262 mutatione
584 1218 673 1276 opus.
694 1202 800 1276 Rogat
815 1203 903 1262 enim
916 1203 1091 1261 Parmeno:
1109 1201 1335 1276 „hominemne

162 1330 203 1374 61
227 1315 358 1375 homine
382 1331 424 1374 an
446 1316 576 1376 beluam
601 1332 642 1376 ex
664 1317 759 1376 belua
782 1318 896 1376 natum
920 1316 1053 1375 dicas?'’

206 1429 358 1502 Sequitur
382 1433 440 1499 (vs.
465 1430 558 1500 4601ε
586 1430 660 1506 ,ubi
683 1430 743 1505 vie,
765 1446 829 1490 non
848 1431 988 1490 moror.”
1009 1429 1131 1489 Thraso
1151 1430 1231 1489 haec
1250 1445 1336 1489 nunc

160 1539 302 1615 loquitur
343 1543 377 1601 in
419 1543 621 1604 editionibus,
659 1542 785 1618 Quanto
818 1544 1008 1617 pmdentius
1043 1543 1156 1603 Thaidi
1192 1544 1247 1603 illa
1280 1544 1336 1603 dat

158 1656 303 1716 Daceria.
335 1655 463 1716 Etenim
490 1657 527 1716 ut
550 1656 705 1716 Thaidem
729 1657 769 1716 ad
793 1672 927 1716 coenam
951 1671 1062 1717 66611111
1086 1658 1217 1717 duceret
1239 1657 1334 1717 miles

158 1770 267 1829 venit:
288 1771 343 1830 illa
366 1785 451 1830 nunc
473 1786 509 1830 se
532 1772 680 1844 paratam
704 1786 777 1830 esse
800 1771 950 1830 declarat.

203 1883 266 1942 Hic
297 1899 339 1944 ex
369 1883 486 1957 angulo
514 1899 572 1943 suo
596 1883 702 1958 prodit
725 1884 883 1943 Parmeno
907 1883 1126 1957 Thaidemque
1150 1883 1331 1956 alloquitur.

159 1996 218 2056 (1111
249 1997 305 2057 illa
336 2000 394 2067 (vs.
427 1998 520 2067 icat:
556 1997 677 2072 „Ehem
708 1998 876 2072 Parmeno,
908 1999 989 2057 bene
1019 1997 1157 2056 fecisti.”
1189 1997 1333 2056 Annotat
1375 2067 1376 2070 Ἴ

159 2111 357 2170 Scholiasta:
382 2109 481 2185 ,Quid
500 2111 581 2169 bene
600 2110 677 2170 fecit
696 2111 865 2186 Parmeno,
886 2125 928 2170 an
944 2111 1036 2185 quasi
1051 2110 1238 2184 perturbata
1253 2109 1333 2169 haec

158 2225 309 2299 loquitur,
331 2225 431 2284 etiam
451 2225 489 2284 de
509 2223 609 2283 nihilo
628 2224 805 2299 blandiens,
827 2225 938 2298 utpote
957 2224 1114 2284 meretrix
1134 2226 1167 2283 et
1181 2223 1331 2283 faceta?'’

157 2338 253 2397 Haud
276 2337 379 2397 male:
404 2339 508 2397 nescit
532 2338 619 2396 enim
639 2337 737 2397 Thais
757 2338 832 2411 quid
852 2337 947 2412 dicat,
969 2352 1044 2411 ergo
1064 2336 1184 2410 profert
1203 2335 1331 2410 aliquod

157 2452 281 2512 dictum
313 2453 474 2511 urbanum
497 2452 580 2525 quod
604 2451 727 2510 nullam
750 2452 819 2511 vim
843 2452 970 2526 habeat,
996 2453 1029 2510 61
1052 2451 1210 2511 eiusmodi
1234 2451 1329 2510 dioto·

156 2581 231 2625 rum
254 2566 386 2640 plenum
408 2566 506 2626 habet
528 2566 584 2624 illa
607 2566 794 2626 armarium.
819 2565 865 2625 Gi.
889 2581 919 2640 p.
947 2566 986 2626 10
1010 2566 1050 2624 ad
1073 2580 1121 2624 vs.
1147 2566 1198 2625 95.
1227 2557 1247 2634 ¹)

201 2680 299 2740 Abire
316 2695 390 2739 oum
402 2679 523 2738 Thaide
535 2680 731 2754 gestientem
743 2680 903 2739 Parmeno
916 2677 1089 2752 alloquitur
1101 2682 1160 2747 (ve.
1174 2679 1238 2738 466
1252 2657 1328 2751 aqi:

313 2794 437 2870 Quaeso
461 2795 568 2854 hercle
591 2796 628 2854 ut
650 2795 755 2869 liceat,
781 2809 859 2868 pace
883 2795 966 2867 quod
989 2792 1047 2853 1161
1069 2796 1135 2868 tua,

312 2908 395 2982 Dare
418 2908 494 2967 huic
516 2923 598 2981 quae
621 2908 782 2984 volumus
808 2908 979 2967 convenire
1002 2910 1035 2967 61
1054 2906 1210 2979 conloqui.

156 3021 311 3096 Displicet
341 3023 418 3081 hoc:
451 3023 518 3081 tres
549 3020 702 3082 infinitivi
732 3023 765 3081 et
796 3024 836 3081 et
862 3022 977 3081 ultimo
1001 3021 1157 3080 additum.
1182 3019 1243 3079 Sed
1267 3035 1330 3093 quo

156 3137 252 3195 modo
283 3136 402 3197 vitium
432 3136 546 3196 tollam
577 3136 694 3196 nescio.
727 3136 797 3196 Non
828 3137 935 3210 inepte
966 3135 1148 3195 Scholiasta
1178 3135 1329 3194 annotat:

160 3249 227 3323 ,sic
256 3250 530 3323 pronuntiandum
561 3252 612 3310 est
641 3252 679 3310 ut
709 3251 802 3323 quasi
833 3250 935 3310 dicat:
959 3250 1056 3309 liceat
1078 3265 1134 3323 per
1157 3250 1198 3323 te,
1224 3247 1328 3323 miles,

157 3363 240 3434 quod
271 3363 371 3422 etiam
402 3362 486 3422 inter
517 3363 629 3422 hostes
660 3365 693 3423 61
723 3364 756 3422 in
787 3363 870 3423 bello
900 3363 1007 3423 licet.'’
1040 3362 1133 3423 (16116
1160 3362 1275 3422 acerba
1297 3361 1331 3420 in

157 3475 369 3536 Parmenonis
393 3476 500 3535 verbis
524 3477 609 3536 inest
632 3476 758 3536 derisio.

203 3587 285 3648 Tum
309 3589 405 3649 miles
430 3593 488 3659 (vs.
513 3591 607 3660 46811

366 3703 561 3778 Perpulchra
584 3704 677 3764 oredo
701 3704 784 3764 dona
807 3706 864 3763 aut
886 3704 989 3764 nostri
1012 3704 1133 3763 similia

204 3815 243 3875 Et
272 3815 449 3876 Parmeno:
485 3816 568 3891 ,Res
599 3817 784 3877 indicabit.”
816 3816 898 3876 Tum
930 3817 1043 3877 statim
1075 3818 1115 3877 ad
1142 3832 1197 3876 eos
1220 3817 1274 3888 qui
1297 3816 1331 3874 in

159 3929 280 3988 domini
303 3930 380 3988 sunt
403 3929 551 3989 aedibus:

670 4043 769 4118 Heus,
795 4043 901 4103 iubete
925 4044 1006 4103 istos
1029 4044 1115 4102 foras

427 4157 532 4232 Exire,
558 4171 638 4229 quos
661 4157 751 4232 iussi,
776 4157 874 4217 ocius.

162 4476 166 4482 .
188 4447 207 4496 11
220 4443 260 4488 Ad
281 4443 390 4489 similem
410 4445 492 4489 locum
516 4446 623 4498 (Phorm.
639 4447 699 4500 1005)
715 4446 856 4491 Scholiasta
870 4435 984 4492 annotat:
1001 4445 1172 4503 „Feminarum
1187 4443 1267 4488 oratio
1281 4443 1330 4490 etsi

161 4529 209 4565 nou
221 4520 349 4567 blanditur
362 4519 453 4567 blanda
467 4524 527 4569 661”
