3230 5260
860 695 901 753 70

188 942 192 951 ,
292 887 379 944 mete
403 883 456 942 ubi
480 883 604 942 audivit
627 881 815 941 memoriter
838 851 998 940 nutricem
1022 881 1211 955 cognovisse
1235 880 1329 956 signa
1347 882 1459 942 sororis

292 999 358 1058 ianr
382 997 449 1056 iam
472 996 533 1056 sibi
556 996 774 1056 restituendae
993 1070 996 1074 Ι

384 1112 510 1186 „Bene”
525 1109 582 1179 (ait
593 1124 642 1168 va.
657 1110 731 1177 916)
748 1109 878 1184 „edepol
890 1123 1012 1184 narras
1027 1123 1104 1168 nam
1117 1108 1164 1167 illi
1176 1108 1269 1168 faveo
1282 1108 1428 1183 virgini.‘’

292 1227 338 1285 Ne
362 1225 441 1285 illud
464 1238 556 1283 nam
580 1223 649 1282 1111
672 1223 795 1282 faveo
818 1222 979 1296 virgini
1002 1222 1155 1296 languere
1182 1224 1286 1298 putes,
1309 1224 1459 1284 ascholi-

224 1331 226 1338 ’
293 1341 365 1399 8818
388 1339 474 1399 (11888
498 1338 696 1411 singularem
718 1337 881 1410 quandam
905 1351 977 1396 esse
1000 1337 1130 1396 illorum
1153 1338 1325 1398 verborum
1344 1339 1460 1398 festivi-

292 1455 405 1528 tatem,
449 1467 593 1526 quaeque
629 1467 667 1510 ea
701 1451 753 1510 sit.
793 1427 910 1525 „Quasi
945 1449 1043 1509 dicit''
1079 1450 1125 1510 ait
1162 1451 1228 1526 ,illi
1262 1452 1365 1528 faveo,
1401 1467 1462 1512 non

201 1635 205 1646 Ι
294 1565 493 1626 Chaereae'’:
515 1563 675 1624 Chaereae
696 1564 783 1624 enim
795 1579 985 1623 succensere
997 1564 1132 1637 Pythias
1143 1564 1257 1638 pergit.
1271 1565 1462 1626 Inmentem

292 1681 345 1739 hio
367 1679 459 1739 nobis
482 1679 573 1738 venit
591 1678 810 1752 lepidissimae
831 1677 997 1752 scriptoris
1017 1678 1173 1737 nostratis
1193 1677 1397 1755 narrationis
1410 1673 1481 1740 ubi

292 1795 442 1853 matrona
461 1793 555 1867 paulo
576 1791 748 1852 acerbioris
768 1792 897 1867 ingenii,
917 1794 1091 1866 postquam
1110 1792 1350 1852 adolescentem
1369 1809 1461 1866 quen-

292 1909 367 1967 dam
409 1923 427 1965 e
461 1908 557 1981 poeta
591 1904 710 1978 aliquid
744 1905 937 1964 recitantem
972 1905 1108 1982 audivit,
1141 1905 1304 1966 inducitur
1337 1907 1460 1966 dicens:

295 2019 530 2096 „pulcherrima
561 2021 612 2079 est
642 2018 776 2094 elegia,'’
802 2020 897 2091 atque
920 2018 1000 2076 illud
1023 2019 1163 2092 elegia
1185 2019 1232 2078 ita
1254 2021 1462 2094 pronuntians

292 2138 329 2194 ut
363 2135 467 2194 dicere
501 2134 666 2193 videatur:
701 2132 803 2208 ,quod
834 2132 874 2191 ad
905 2131 1129 2192 recitationem
1160 2133 1308 2210 pertinet,
1341 2134 1379 2194 de
1410 2134 1461 2194 illa

291 2250 398 2308 tacere
422 2247 525 2306 satius
550 2247 631 2306 est.”
648 2239 679 2316 ¹).

337 2361 530 2422 intromittit
549 2360 755 2420 Chremetem
774 2374 850 2418 cum
869 2358 994 2418 nutrice
1013 2358 1158 2435 Pythias,
1179 2361 1319 2434 dumque
1334 2361 1460 2436 respicit

292 2478 363 2552 ipsa
385 2477 621 2536 Parmenonem
645 2475 795 2534 accedere
817 2472 915 2533 videt.

469 2588 584 2647 Virum
607 2589 728 2648 bonum
752 2603 864 2647 eccum
887 2587 1123 2647 Parmenonem
1147 2587 1294 2650 incedere

468 2703 567 2763 Video

292 2821 338 2881 ait
368 2820 424 2880 1118
455 2822 512 2888 (vs.
546 2817 609 2877 918
641 2820 718 2890 sq.);
750 2817 945 2890 praecedunt
975 2817 1044 2875 eius
1072 2817 1112 2875 ad
1136 2814 1342 2876 Chremetem
1365 2817 1460 2877 nutri-

291 2950 424 3008 cemque
447 2933 546 2996 verba
568 2933 664 2991 haee:

446 3048 495 3106 118
519 3047 620 3106 intro:
645 3044 857 3104 iamdudum
881 3053 1017 3104 818888
1041 3046 1210 3118 exspectat
1233 3044 1329 3105 domi.

290 3163 415 3222 Vellem
439 3176 487 3220 vs.
509 3160 573 3219 918
594 3175 613 3218 8
631 3174 710 3242 voce
730 3159 801 3217 sed
821 3158 984 3233 inciperet,
1006 3159 1058 3218 vel
1078 3158 1140 3218 8118
1161 3159 1319 3219 eiusmodi
1335 3160 1461 3221 vinculo

289 3275 493 3350 praecedenti
513 3273 746 3333 annecteretur.
769 3271 849 3346 Quid
866 3273 894 3330 81
906 3287 962 3346 pro
982 3272 1119 3332 virum
1131 3273 1279 3347 legamus
1294 3277 1460 3334 verum?

289 3392 373 3450 Nam
404 3390 437 3448 in
468 3389 601 3462 vulgata
631 3387 768 3447 lectione
799 3387 900 3447 etiam
930 3388 1103 3447 verborum
1134 3389 1209 3448 ordo
1233 3388 1382 3463 displicet
1406 3390 1459 3461 (Cf.

289 3505 381 3579 ,bone
405 3504 504 3573 virl’).

233 3595 242 3604 ”
333 3616 454 3676 Deinde
477 3616 547 3690 ipsa
571 3614 706 3690 Pythias
730 3615 863 3674 domum
888 3614 996 3691 intrat,
1021 3631 1101 3675 mox
1121 3616 1249 3677 exitura
1268 3621 1305 3678 ut
1324 3617 1458 3692 fallacia,

289 3748 388 3806 quam
412 3731 507 3790 modo
532 3728 738 3804 excogitavit,
763 3729 1000 3788 Parmenonem
1024 3731 1210 3804 perterreat.

305 3990 332 4038 “J
347 3985 415 4028 Idem
431 3983 540 4030 Terentii
554 3983 688 4029 artificium
702 3983 767 4030 redit
782 3984 841 4030 Hec,
855 3985 902 4042 233,
916 3983 959 4029 ubi
974 3995 1057 4040 senex,
1071 3985 1143 4030 uxori
1157 3996 1218 4031 8888
1232 3986 1461 4040 transmeantem

286 4063 317 4106 ab
338 4074 368 4107 ea
382 4063 499 4117 cognovit
516 4061 611 4114 aliquid
626 4062 656 4108 ed
671 4063 736 4107 iram
751 4062 887 4108 sedandam
903 4066 998 4118 aptum,
1011 4075 1042 4109 ne
1055 4065 1142 4109 tamen
1156 4063 1230 4119 plene
1244 4074 1343 4109 ornnem
1358 4064 1461 4110 omittat

287 4141 449 4187 eoerbltetem
463 4141 501 4185 118
515 4140 660 4194 respondet:

475 4219 583 4273 Gaudeo,
598 4219 635 4263 ita
647 4229 689 4264 me
703 4219 728 4262 di
742 4222 834 4276 ament,
848 4220 919 4274 gnati
933 4229 1019 4265 cause:
1033 4231 1093 4264 nam
1106 4220 1136 4265 de
1149 4221 1175 4265 te
1188 4220 1288 4274 quidem

473 4296 541 4341 Satis
557 4297 609 4341 ecio
623 4297 747 4350 peccando
761 4297 814 4342 fieri
831 4298 974 4343 detrimenti
987 4298 1024 4342 uil
1036 4299 1127 4352 potest.

748 4533 987 4543 ω..-
