3234 5254
717 677 778 738 163

203 869 255 927 39.
281 867 331 926 Ad
353 867 452 927 verba
474 867 626 941 parasiti:

246 981 405 1055 Principio
426 996 483 1054 ego
500 997 559 1039 vos
577 981 704 1040 eredere
718 981 830 1039 ambos
843 980 903 1040 hoc
915 981 996 1038 mihi
1009 981 1219 1040 vehementer
1233 981 1330 1039 velim

247 1095 297 1152 Me
320 1095 416 1153 huius
440 1094 591 1166 quidquid
614 1095 696 1153 facio
721 1094 752 1152 id
776 1093 880 1153 iacere
904 1094 1049 1152 maxime
1074 1109 1172 1153 causa
1195 1109 1278 1154 mea.

158 1209 358 1267 annotatur:
382 1207 595 1280 principio
620 1223 637 1265 e
645 1223 692 1280 go
716 1210 801 1277 vos]
826 1207 934 1282 ,videt
953 1222 1056 1280 neque
1076 1221 1111 1266 00
1131 1207 1202 1266 odio
1222 1207 1332 1274 haberi
1381 1215 1387 1221 ·

158 1336 262 1394 neque
282 1321 399 1380 offendi
419 1320 546 1380 animos
566 1321 767 1380 audientium
788 1321 821 1379 in
840 1320 955 1379 militis
975 1320 1138 1380 nomine.'’
1158 1321 1220 1380 Pro
1232 1321 1333 1380 altero

136 1437 291 1506 'neque
321 1435 446 1508 legatur
478 1436 533 1492 et:
565 1435 645 1494 haec
676 1435 787 1493 omnia
817 1435 980 1508 parasitus
1012 1433 1089 1493 dicit
1119 1450 1219 1508 quum
1250 1434 1333 1493 sciat

157 1548 298 1607 militem
321 1548 397 1607 ferri
421 1563 440 1606 a
460 1548 546 1616 nullo
566 1548 787 1621 praesentium
808 1563 912 1623 posse,
935 1563 970 1606 se
990 1562 1066 1606 vero
1086 1547 1151 1606 illis
1170 1563 1234 1606 non
1254 1548 1333 1606 adeo

158 1661 307 1720 odiosum
331 1675 412 1720 esse.

203 1775 256 1833 62.
280 1775 330 1832 Ad
354 1775 451 1834 verba
474 1774 605 1834 militis:

247 1887 418 1961 Nunquam
442 1889 542 1948 etiam
565 1887 611 1947 fui
634 1904 771 1961 usquam
793 1889 870 1962 quin
891 1903 945 1946 me
966 1902 1079 1946 omnes
1099 1891 1247 1947 amarent
1266 1888 1331 1962 plu·

1155 2001 1286 2070 [rimum

158 2116 348 2174 annotatur:
384 2117 600 2189 ,eontrarium
632 2116 796 2190 superiori.
830 2115 909 2190 Quid
942 2120 992 2175 est
1024 2117 1111 2175 enim
1143 2117 1225 2189 quod
1250 2116 1329 2175 hene

157 2245 223 2288 non
253 2229 365 2288 feeerit
396 2229 576 2304 quicquam,
609 2231 637 2288 si
668 2231 699 2288 in
731 2230 786 2289 1110
817 2232 869 2289 001
894 2232 931 2288 01
954 2230 1126 2288 ametur?”
1150 2229 1227 2288 Dele
1252 2245 1330 2288 non

158 2344 190 2400 et
214 2357 271 2415 010
295 2342 517 2414 quicquam
537 2344 607 2417 lege
628 2343 866 2416 quisquam:
890 2343 1060 2416 aptissima
1080 2344 1160 2402 haee
1179 2345 1330 2402 nascetur

157 2456 339 2514 sententia:
365 2456 418 2530 ,Si
439 2472 457 2515 a
477 2458 592 2516 natura
612 2457 672 2515 hoc
691 2457 789 2516 habet
808 2457 903 2516 miles
923 2458 960 2515 ut
979 2473 1093 2516 omnes
1113 2473 1188 2516 eum
1208 2460 1327 2531 ament,

157 2583 277 2628 nemo
308 2569 409 2629 bene
440 2571 565 2631 feeit'’
598 2572 629 2631 id
657 2574 708 2630 est
730 2571 852 2630 nemini
876 2571 998 2644 gratiae
1022 2573 1099 2629 sunt
1122 2571 1263 2645 agendae
1288 2571 1329 2640 (id

156 2685 242 2754 qued
273 2686 383 2743 tamen
407 2685 485 2743 10011
507 2685 602 2745 miles
626 2686 775 2745 dicendo:
800 2684 905 2744 bene
929 2685 943 2744 f
949 2685 1123 2758 edistis),
1148 2686 1230 2758 quod
1255 2700 1330 2743 eum

156 2798 265 2872 aliquo
289 2799 407 2859 affleiat
429 2798 593 2859 beneficio.

625 3011 865 3019 ——-—.—.—-.

532 3150 619 3242 (Αο
655 3181 932 3242 10000000.

203 3357 287 3416 Ρ101.
320 3358 349 3416 8.
381 3357 426 3415 In
458 3357 615 3416 Graeca
646 3357 897 3416 adolescens
925 3358 1008 3427 est]
1037 3356 1173 3431 ,Diphili
1197 3357 1328 3432 00111001,

159 3471 252 3542 quasi
276 3470 412 3529 diceret:
438 3470 574 3545 Quidam
598 3471 784 3529 adolescens
808 3472 858 3529 001
882 3471 935 3543 qui
959 3471 1065 3529 lenoni
1090 3470 1206 3544 eripuit
1230 3486 1330 3529 mere-

158 3584 307 3643 tricem.'’
331 3585 400 3643 Ista
423 3584 497 3657 quid
521 3584 582 3642 sibi
606 3584 743 3642 volunt?

207 3699 256 3757 10.
293 3697 486 3770 Reliquit
527 3699 760 3771 integrum]
807 3713 926 3772 ,quum
969 3697 1066 3758 aliam
1108 3682 1330 3757 transferret.”

159 3811 244 3869 Fieri
268 3813 375 3884 potest
399 3813 436 3869 01
459 3826 539 3870 sana
562 3812 642 3870 haee
665 3811 748 3870 sint:
774 3811 901 3869 aliam
926 3811 1013 3870 enim
1032 3812 1063 3871 h.
1085 3811 1105 3870 l.
1126 3811 1195 3869 vim
1215 3810 1332 3870 habere

158 3925 288 3982 videtur
310 3931 363 3983 τοῦ
388 3927 546 3984 ceteram:
573 3940 647 3984 curn
671 3927 812 3984 ceteram
832 3924 950 3998 Diphili
969 3925 1113 3984 fabulam
1132 3924 1330 4000 transferret,

160 4037 246 4096 hunc
270 4053 371 4096 unum
395 4038 502 4096 locum
526 4054 590 4096 non
613 4038 730 4111 tetigit.

209 4151 258 4210 14.
283 4151 617 4224 Reprehensum]
646 4154 837 4227 „retentum
863 4152 1098 4224 resumptum.”
1119 4151 1179 4208 Pro
1200 4152 1330 4209 reten-

160 4265 247 4321 tum
290 4263 462 4337 legendum
497 4266 547 4322 001
581 4280 675 4324 1000
683 4267 807 4338 ptum.
845 4265 1033 4338 synonyma
1067 4262 1150 4322 inter
1185 4278 1220 4321 00
1255 4263 1332 4321 0001

160 4379 440 4453 prehendere,
484 4389 649 4454 capere,
693 4381 966 4455 sumere,·sed
1002 4381 1148 4437 tenere
1183 4378 1330 4436 diversis·

161 4492 238 4550 simi
262 4495 312 4551 est
336 4493 472 4566 generis.
