3254 5274
805 667 823 727 7

227 867 299 912 esse
323 853 494 914 observata
516 853 637 914 sentire
660 854 742 914 mihi
765 856 884 930 videor,
907 854 1129 915 demonstrare
1148 868 1201 912 me
1221 867 1286 912 non
1304 867 1400 925 posse

227 971 315 1034 certo
339 969 415 1030 scio.
440 970 602 1030 Lubenter
624 973 737 1030 tamen
759 986 834 1030 mea
856 970 939 1030 facio
963 970 1062 1030 verba
1086 969 1172 1029 eius:
1196 969 1249 1045 „et
1267 970 1399 1027 tunc...

226 1098 323 1157 supra
357 1082 471 1159 dixit”,
508 1098 589 1157 quae
625 1084 827 1144 callidissimi
857 1085 896 1143 de
927 1086 996 1143 arte
1028 1083 1152 1143 comica
1182 1082 1296 1141 iudicis
1327 1096 1400 1140 esse

226 1213 350 1257 censeo.
390 1197 430 1256 Et
465 1213 662 1271 quamquam
696 1199 735 1258 de
770 1198 928 1258 eiusmodi
963 1198 1058 1257 rebus
1093 1196 1187 1256 aliter
1221 1195 1400 1254 sentientes

225 1326 321 1370 nemo
352 1310 450 1370 certis
481 1311 583 1386 signis
614 1311 878 1386 argumentisque
906 1311 1085 1386 convincat,
1111 1310 1197 1369 haud
1219 1311 1331 1368 tamen
1355 1308 1399 1367 in-

225 1423 357 1484 firmum
389 1425 502 1484 adesse
526 1424 727 1485 scholiastae
750 1425 879 1484 videtur
902 1424 1135 1484 adminiculum
1159 1423 1192 1482 in
1215 1436 1314 1481 versu
1338 1422 1398 1480 83:

226 1542 348 1608 (vereor
371 1553 411 1597 111
434 1537 513 1597 illud
536 1539 668 1612 gravius
692 1538 849 1598 Phaedria
872 1538 992 1609 tulerit)

523 1652 611 1727 Quod
634 1652 704 1712 heri
728 1651 937 1713 intromissus
959 1667 1024 1711 non
1047 1653 1106 1727 est,

224 1765 265 1824 ad
296 1779 378 1839 quae
409 1766 540 1826 Thaidis
571 1767 670 1826 verba
700 1767 769 1841 ipse
800 1765 988 1840 adscripsit:
1023 1766 1123 1840 „haec
1152 1765 1266 1841 levius,
1297 1767 1335 1824 ut
1362 1766 1400 1824 de

224 1879 309 1938 facto
344 1895 402 1939 suo
437 1881 603 1954 loquens’'.
639 1879 702 1941 Cur
737 1881 848 1940 autem
882 1878 987 1939 levius
1022 1880 1061 1939 de
1096 1894 1154 1939 suo
1185 1880 1270 1939 facto
1301 1879 1400 1938 Thais

223 1993 381 2071 loquatur,
411 1987 472 2054 cur'
491 1995 722 2056 crudelitatem·
739 2011 835 2056 suam
858 1995 923 2054 11111
946 1995 1101 2055 vocabulo
1121 1995 1259 2071 mitiget,
1280 1995 1344 2054 nisi
1364 2011 1399 2054 se

225 2123 245 2166 a
275 2108 432 2169 Phaedria
462 2110 565 2170 audiri
596 2111 712 2184 putet?
739 2110 801 2170 Sed
823 2110 993 2171 videamus
1017 2126 1098 2184 quae
1123 2113 1309 2184 sequuntur.
1335 2110 1399 2168 Vix

223 2221 304 2281 haec
338 2196 464 2283 elocuta
498 2225 549 2283 est
583 2224 682 2283 Thais
717 2239 798 2298 quae
837 2224 932 2284 modo
968 2223 1152 2299 afferebam,
1186 2239 1260 2283 cum
1292 2240 1327 2283 se
1358 2224 1414 2282 ad¹

224 2334 417 2396 Phaedriam
440 2337 600 2397 convertit
622 2337 674 2396 his
697 2337 821 2396 verbis:

365 2423 367 2431 λ
579 2451 684 2526 ehem,
709 2453 769 2510 tun
791 2451 845 2510 hic
868 2465 949 2526 eras,
975 2451 1022 2509 mi
1046 2451 1228 2510 Phaedria?

447 2565 528 2640 Quid
551 2565 662 2625 stabas
685 2565 761 2625 hic?
785 2582 864 2639 quor
887 2581 951 2626 non
974 2566 1058 2625 intro
1082 2565 1175 2625 ibas?

225 2678 277 2738 Sic
300 2694 386 2738 nunc
409 2679 442 2738 in
465 2679 660 2739 editionibus
683 2679 818 2753 legitur;
843 2679 922 2739 olim
944 2680 1127 2753 legebatur:

402 2791 482 2867 Quid
505 2792 559 2851 hic
581 2793 717 2852 stabas?
741 2808 797 2852 cur
819 2809 884 2852 non
907 2794 996 2852 recta
1019 2792 1199 2852 introibas?

223 2905 273 2966 Ad
304 2921 385 2979 quae
415 2907 515 2966 verba
546 2907 726 2968 Scholiasta
750 2908 919 2967 adscribit:
947 2907 1065 2983 „Quasi
1087 2922 1203 2980 parum
1225 2907 1323 2966 fuerit
1345 2907 1397 2965 in·

223 3021 397 3096 troibas,
430 3021 512 3080 satis
542 3022 625 3080 mire
648 3021 795 3081 additum
818 3023 967 3081 recta.’'
991 3021 1089 3080 Vides
1113 3021 1233 3093 quanto
1255 3023 1400 3094 praestet

224 3135 356 3208 antiqua
379 3137 551 3209 spretaque
574 3135 669 3195 lectio
693 3136 815 3195 recenti
838 3135 1062 3210 probataeque.
1088 3134 1146 3194 illo
1171 3134 1258 3193 enim
1281 3136 1399 3195 recta
1493 3155 1495 3160 ·

223 3249 408 3310 dissimulat
430 3249 529 3308 Thais
551 3265 695 3324 unquam
720 3250 894 3324 quidquam
918 3249 1084 3310 obstitisse
1108 3250 1280 3322 quominus
1304 3251 1403 3310 aedes

223 3379 300 3423 suas
330 3363 466 3423 intraret
496 3363 665 3423 Parmeno.
698 3363 760 3422 Sed
790 3363 887 3423 mitto
918 3364 995 3437 hoc;
1023 3379 1125 3422 unum
1158 3365 1258 3422 etiarn
1282 3380 1398 3424 moneo

222 3477 386 3555 lectorem,
414 3479 469 3538 ubi
492 3480 639 3554 impense
662 3479 793 3538 laudare
817 3479 897 3538 velit
922 3479 1103 3539 Scholiasta
1126 3479 1268 3538 Terentii
1290 3480 1398 3554 verba,

223 3594 331 3668 ipsum
350 3593 429 3652 illud
445 3593 634 3653 adverbium
646 3592 769 3669 mire,
783 3607 845 3667 quo
859 3596 891 3653 et
903 3593 955 3653 hic
967 3593 1079 3668 utitur,
1094 3594 1133 3652 ab
1147 3609 1183 3652 eo
1196 3592 1272 3667 poni
1284 3594 1398 3653 solere.

267 3706 402 3781 Cognito
432 3722 530 3781 quam
561 3707 623 3767 sibi
653 3709 845 3768 succenseat
874 3707 1041 3783 Phaedria,
1073 3708 1157 3767 iram
1189 3707 1259 3766 eius
1286 3708 1399 3766 sedare

222 3821 338 3880 nititur
368 3821 466 3880 Thais
497 3822 656 3881 narrando
687 3837 768 3896 quae
800 3837 898 3881 causa
918 3807 1018 3881 ¹fuerit
1042 3837 1098 3882 cur
1122 3837 1197 3881 eum
1221 3822 1291 3880 heri
1316 3837 1400 3896 „non

223 3935 423 3996 admiserit’'.
460 3935 546 4012 Quae
581 3939 723 3998 narratio
762 3938 825 3996 huc
855 3937 921 3996 fere
952 3938 1052 3997 redit:
1085 3939 1162 3997 dum
1194 3937 1294 3996 etiam
1326 3950 1400 3994 cum

212 4052 329 4111 'matre
348 4050 452 4111 Rhodi
471 4050 604 4112 vivebat
624 4051 731 4126 Thais
754 4052 794 4110 ad
815 4066 870 4134 eas
891 4050 990 4110 allata
1010 4053 1060 4110 est
1078 4050 1221 4124 puellula
1241 4048 1399 4122 quaedam

221 4164 361 4223 Athenis
396 4164 538 4237 rap't'aa
568 4165 791 4237 praedonibus
824 4163 919 4222 Illam
951 4164 1082 4223 Thaidis
1112 4164 1218 4222 mater
1248 4177 1305 4236 pro
1340 4176 1399 4220 sua

222 4277 344 4352 eduxit,
376 4277 423 4336 ita
452 4278 490 4336 ut
519 4277 613 4351 volgo
646 4277 777 4336 Thaidis
808 4293 898 4337 soror
929 4292 1001 4336 esse
1034 4276 1223 4336 crederetur.
1252 4275 1399 4334 Athenas

222 4390 366 4465 profecta
397 4390 518 4450 Thaide
550 4391 752 4464 cumprime
777 4393 922 4450 amatore
946 4407 1013 4466 suo,
1040 4391 1093 4464 qui
1116 4390 1202 4449 haud
1226 4390 1272 4448 ita
1295 4389 1398 4449 multo

223 4503 299 4576 post
332 4505 480 4563 mortuus
517 4505 576 4578 est,
612 4505 718 4563 mater
750 4504 820 4563 eius
852 4504 927 4579 obit,
959 4505 1043 4563 bona
1075 4504 1143 4562 eius
1174 4504 1207 4564 et
1237 4517 1312 4563 cum
1339 4501 1403 4562 illis
