3234 5254
741 655 806 712 ree
824 635 825 638 ‘

271 843 394 902 Verum
417 845 449 903 te
473 843 533 902 hoc
557 856 674 901 moneo
697 856 815 899 unum:
840 839 944 913 qualis
968 841 1032 899 sim
1056 841 1181 900 amicus
1206 845 1263 901 aut

1048 955 1134 1027 [quid
1157 956 1308 1032 possiem,

270 1071 382 1131 Potius
406 1086 505 1144 quam
528 1069 681 1128 inimicus
703 1067 883 1143 periculum
906 1067 1017 1128 facias

184 1183 327 1258 Qualis
362 1184 441 1243 sim
477 1183 638 1243 amicus
673 1183 744 1241 aut
780 1182 879 1254 quid
913 1182 1091 1256 possim]
1131 1183 1183 1257 „in
1217 1184 1358 1244 secunda

182 1297 324 1357 oratione
349 1298 479 1356 Sallust.
505 1297 545 1355 ad
568 1296 776 1370 Iugurtham:
804 1311 900 1369 „nam
924 1296 993 1354 vim
1016 1297 1122 1370 magis
1146 1312 1244 1370 quam
1263 1298 1355 1357 bene-

181 1411 357 1471 volentiam
384 1411 523 1485 experiri
546 1410 712 1469 mallem.”
737 1409 877 1482 Legatur
900 1425 976 1469 neu
999 1388 1055 1483 pro
1079 1425 1180 1470 nam.

223 1597 260 1673 V,
286 1599 316 1672 3,
343 1600 371 1656 1.
441 1597 563 1671 Edepol
587 1611 627 1655 ne
650 1611 761 1655 meam
784 1596 881 1654 herus
905 1611 977 1655 esse
1001 1612 1133 1670 operam
1156 1598 1289 1672 deputat

1092 1712 1194 1785 [parvi
1216 1711 1309 1786 preti.

181 1826 270 1885 Sch:
299 1825 454 1900 „deputat
476 1825 569 1899 parvi
593 1839 666 1883 eam
690 1822 745 1897 qui
765 1824 898 1897 deputat
919 1839 992 1883 eam
1015 1825 1048 1882 in
1068 1841 1102 1884 re
1121 1826 1241 1885 nullius
1261 1825 1356 1898 pretii

180 1939 467 1999 consumendam.’'
510 1939 557 1998 Ne
595 1937 704 1996 nullus
739 1937 818 1996 insit
851 1951 968 1996 sensus
1003 1939 1124 1999 scholio
1158 1955 1216 2014 pro
1250 1939 1355 2013 priore

181 2068 268 2112 eam
292 2053 363 2126 lege
386 2066 563 2125 operam.

226 2167 275 2225 12.
318 2165 406 2240 „Tua
440 2165 524 2238 quod
560 2165 640 2223 nihil
675 2166 783 2239 refert,
817 2166 998 2240 percontari
1032 2167 1183 2225 desinas”
1218 2167 1354 2226 Bacchis

179 2281 305 2341 curioso
341 2279 514 2354 respondet
550 2294 653 2338 servo,
685 2280 892 2338 Annotantur
922 2281 955 2339 et
989 2279 1053 2338 alia
1083 2282 1115 2340 et
1146 2281 1242 2339 haec:
1270 2297 1354 2355 „me-

179 2396 290 2454 mento
325 2395 409 2453 hanc
444 2408 526 2467 esse,
560 2393 611 2451 cui
641 2393 675 2451 in
705 2392 859 2466 principio
883 2393 963 2451 nihil
987 2394 1140 2452 celaverit
1162 2395 1354 2454 Parmeno.”

178 2508 298 2581 Utique
333 2522 408 2566 cum
439 2506 611 2580 Wielingio
634 2507 721 2580 lege:
749 2522 913 2581 „...quae
936 2507 970 2565 in
992 2507 1147 2583 principio
1170 2509 1251 2567 nihil
1275 2510 1354 2568 cela-

178 2621 263 2680 verit
305 2621 575 2680 Parmenonem.”
610 2621 693 2679 Nam
729 2620 799 2679 ideo
833 2621 1002 2680 Bacchidis
1037 2621 1193 2682 adversus
1227 2623 1354 2682 Parme·

179 2750 298 2794 nonem
329 2738 498 2798 reticentia
529 2753 615 2796 nuno
645 2737 742 2796 habet
774 2737 857 2809 quod
880 2738 1096 2810 spectatorem
1121 2738 1258 2798 delectet
1280 2739 1355 2811 quia

180 2846 257 2906 olim
281 2849 387 2909 eidem
412 2851 521 2911 omnia
544 2867 625 2924 quae
648 2851 777 2924 rogaret
799 2850 988 2916 narraverit.

648 3073 885 3082 -.-———

540 3234 603 3294 AD
625 3229 988 3294 'PHORMIONEM

683 3425 858 3470 PROLOGUS.

225 3572 244 3630 4
266 3588 333 3646 sqq.
404 3573 463 3647 Qui
487 3573 533 3632 ita
556 3573 692 3649 dictitat,
717 3588 798 3646 quas
821 3574 959 3633 antehac
981 3573 1058 3632 fecit
1080 3572 1206 3631 fabulas

403 3685 504 3744 Tenui
528 3701 600 3745 esse
623 3687 767 3745 oratione
791 3688 824 3745 et
847 3686 1007 3760 scriptura
1029 3686 1102 3760 levi,

403 3799 483 3874 Quia
506 3815 668 3873 nusquam
691 3801 844 3859 insanum
868 3801 998 3874 scripsit
1021 3800 1297 3859 adolescentulum

403 3912 540 3972 Cervam
564 3915 673 3973 videre
696 3914 815 3991 fugere⁷
841 3915 959 3974 sectari
979 3929 1084 3990 canes,

401 4027 441 4086 Et
465 4042 538 4086 eam
561 4028 695 4104 plorare,
721 4044 821 4104 orare⁷
846 4031 883 4088 ut
905 4028 1077 4087 subveniat
1103 4027 1173 4086 sibi.

179 4138 380 4199 annotatur:
415 4140 505 4216 „ideo
535 4142 684 4201 videmur
714 4143 803 4201 leves
833 4143 1020 4216 tenuesque,
1053 4141 1165 4215 inquit,
1191 4141 1353 4212 quianon

179 4253 213 4311 in
245 4255 410 4315 comoedia
440 4257 584 4330 prodigia
602 4257 700 4316 -faota
723 4259 800 4316 sunt
824 4259 856 4316 et
879 4255 1061 4330 tragoedias
1085 4254 1352 4314 concitavimus.”

180 4365 343 4427 Eiicienda
367 4368 478 4441 opinor
500 4369 616 4429 facta
639 4372 747 4429 sunt.

228 4481 277 4539 13.
302 4481 575 4542 Lacessisset
597 4483 729 4557 prior]
759 4486 835 4557 „aut
858 4483 1116 4544 lacessisset
1135 4481 1277 4540 abundat
1297 4482 1353 4539 aut
