3230 5260
733 643 795 701 103

173 832 276 890 simus
311 832 364 891 ille
399 847 500 891 senex
534 832 822 907 Mulier-strubing,
859 848 956 905 quem
987 833 1067 892 duos
1098 833 1214 894 abhinc
1245 852 1347 896 annos

173 946 258 1005 tristi
294 947 360 1006 lato
395 949 549 1020 vegetum
584 948 684 1007 etiam
720 948 924 1020 alacremque
959 949 1106 1021 ereptum
1138 948 1230 1007 nobis
1260 949 1345 1023 luge·

172 1072 246 1114 mus
270 1058 376 1118 amici.

216 1173 303 1232 Satis
337 1174 413 1249 iam,
449 1176 486 1234 ut
520 1177 640 1251 opinor,
677 1191 718 1236 ex
752 1176 793 1235 iis
828 1192 910 1249 quae
945 1176 1110 1249 hucusque
1143 1177 1229 1236 dicta
1259 1178 1344 1252 sunt,

171 1289 303 1360 apparet
326 1288 402 1360 quid
425 1289 486 1349 sibi
511 1290 691 1350 Scholiasta
714 1291 824 1349 noster
848 1291 1080 1350 commentario
1101 1307 1159 1350 suo
1179 1292 1346 1352 scribendo

170 1401 381 1474 proposuerit.
407 1403 576 1462 Terentius
599 1405 636 1463 ut
659 1405 777 1464 melius
801 1403 1044 1479 intelligeretur,
1069 1407 1106 1464 ut
1129 1421 1211 1478 quae
1230 1406 1347 1466 fuisset

170 1514 239 1573 eius
263 1515 386 1575 indoles
409 1517 527 1577 melius
551 1519 734 1592 sentiretur,
759 1519 821 1576 hoc
843 1518 976 1592 studuit,
1002 1519 1062 1578 hoc
1082 1519 1251 1591 spectavit.
1273 1520 1345 1579 0111-
1396 1511 1401 1522 ’

52 1696 56 1704 ,
169 1628 261 1687 nium
285 1629 340 1702 qui
363 1631 614 1692 commentarios
638 1633 678 1691 ad
702 1632 875 1706 scriptores
894 1633 1048 1705 poetasve
1068 1633 1101 1690 in
1120 1632 1227 1692 lucem
1248 1635 1346 1695 edunt

169 1743 328 1802 eiusmodi
363 1760 434 1804 esse
469 1746 641 1805 consilium
676 1747 805 1805 dixeris.
841 1748 886 1806 At
916 1746 1059 1819 plerique
1090 1746 1206 1805 horum
1230 1763 1346 1820 pueros

168 1855 229 1914 sibi
260 1857 398 1917 lectores
429 1857 555 1932 fingunt
586 1861 619 1918 in
649 1860 724 1919 ludo
751 1860 895 1920 literario
919 1861 1153 1934 grammaticae
1175 1864 1347 1936 praecepta

167 1969 347 2044 discentes;
372 1975 482 2032 noster
505 1989 582 2032 vero
605 1974 791 2033 adultorum
815 1975 920 2048 gratia
942 1974 1062 2049 scribit,
1088 1973 1135 2033 ita
1158 1975 1345 2034 'Ferentium

166 2083 275 2157 legere
310 2085 508 2159 cupientium
539 2089 710 2160 tamquam
740 2088 769 2146 si
799 2087 925 2147 fabulas
950 2088 1019 2147 eius
1043 2088 1076 2146 in
1101 2103 1200 2147 cavea
1222 2090 1344 2162 specta·
1409 2161 1413 2169 ⁸

166 2200 257 2271 rent;
283 2199 424 2259 artifices
443 2201 589 2261 scenicos
609 2203 768 2275 quomodo
787 2202 915 2262 fabulae
936 2202 1005 2262 eius
1024 2202 1212 2276 singulaeve
1233 2201 1345 2262 earum'

165 2314 277 2385 partes
312 2314 378 2372 sint
410 2315 562 2394 agendae,
596 2317 720 2375 ceteros
751 2331 865 2375 omnes
896 2316 1055 2389 quomodo
1089 2317 1345 2389 pronuntiandae

166 2427 234 2485 sint
257 2428 360 2488 docet.
385 2429 497 2502 Itaque
521 2430 549 2488 11
572 2430 647 2504 quid
672 2431 700 2489 ei
724 2431 865 2490 innotuit
887 2431 925 2490 de
949 2431 1053 2504 lepido
1074 2430 1179 2503 aliquo
1201 2432 1342 2506 invento,

166 2542 252 2614 quod
288 2542 366 2602 olim
401 2543 440 2602 ad
476 2544 619 2616 aliquam
654 2560 787 2603 scenam
822 2545 1044 2604 exornandam
1078 2543 1214 2603 feliciter
1248 2544 1345 2603 fuerit

166 2655 359 2731 adhibitum,
384 2658 463 2716 illud
487 2673 742 2718 commemorare
766 2674 831 2717 non
854 2658 997 2732 negligit.

212 2771 342 2831 Phorm.
364 2774 427 2832 315
449 2774 568 2832 11321.
584 2774 726 2847 Antipho
739 2774 872 2832 absente
885 2775 977 2846 patre
991 2773 1132 2832 amicam
1144 2788 1239 2832 suam
1252 2772 1345 2832 duxit

165 2900 314 2944 uxorem.
338 2886 408 2946 Hoc
431 2888 466 2945 ut
490 2885 559 2946 fieri
578 2888 689 2960 posset
709 2859 854 2947 adiutore
873 2903 952 2946 usus
973 2889 1023 2945 est
1039 2887 1248 2946 callidissimo
1261 2902 1344 2945 mor-

166 2998 284 3057 talium
296 3000 499 3059 Phormione.
513 3001 574 3060 Hic
587 3002 674 3060 enirn
687 3004 857 3074 tamquam
866 3000 989 3060 amicae
999 3000 1085 3058 illius
1094 3002 1249 3074 patronus
1258 2999 1345 3058 diem

166 3114 344 3188 Antiphoni
357 3114 449 3189 dixit,
462 3116 587 3189 legibus
599 3132 681 3189 quae
693 3118 804 3176 essent
815 3113 881 3193 περὶ
890 3114 1049 3191 ἐπικλήρου
1059 3116 1142 3175 hanc
1151 3116 1180 3174 ei
1189 3115 1344 3174 destinari

167 3243 304 3287 uxorem
323 3229 504 3302 mentiens;
525 3230 594 3303 ipse
611 3231 722 3289 autem
734 3229 877 3304 Antipho
889 3230 927 3288 ut
939 3229 1208 3289 condemnaretur
1221 3229 1344 3288 silendo

167 3341 319 3414 omnique
339 3343 519 3402 omittenda
538 3339 723 3403 defensione
742 3343 885 3418 perfecit.
906 3345 950 3403 At
969 3358 1099 3402 reverso
1112 3344 1212 3417 patre,
1226 3342 1344 3402 timore

166 3455 333 3529 perculsus
367 3456 485 3531 latitat,
518 3473 600 3516 uxor
630 3458 700 3516 tam
733 3457 845 3516 callide
870 3457 1018 3530 quaesita
1041 3472 1081 3515 ne
1106 3456 1167 3515 sibi
1191 3457 1345 3530 eripiatur

166 3570 286 3630 metuit
309 3572 364 3630 sed
385 3572 544 3644 quomodo
565 3587 638 3630 eam
658 3571 797 3631 retineat
817 3572 930 3630 nescit.
952 3571 1054 3644 igitur
1067 3571 1187 3630 iterum
1199 3571 1345 3631 adiutore

167 3684 360 3744 Phormione
384 3700 464 3758 opus
488 3687 555 3744 est:
581 3686 619 3745 ad
644 3685 737 3744 illum
758 3685 839 3744 Geta
859 3700 973 3744 servus
993 3683 1144 3760 mittitur,
1167 3684 1218 3743 cui
1231 3684 1344 3743 obrius

166 3797 272 3856 factus
307 3797 459 3858 Phormio
494 3799 569 3872 quid
604 3799 756 3859 acciderit
787 3800 925 3872 quidque
956 3800 1123 3858 metuatur
1162 3798 1342 3871 cognoscit;

166 3927 245 3971 mox
276 3927 311 3970 se
338 3912 472 3986 periculi
494 3913 675 3972 remedium
699 3912 863 3972 invenisse
887 3910 1057 3985 significat.
1083 3912 1185 3970 Actus
1209 3911 1269 3969 hoc
1293 3913 1344 3970 est

167 4026 306 4101 initium,
332 4042 394 4099 quo
415 4029 447 4086 et
460 4027 560 4086 Getae
579 4027 777 4101 perturbatio
798 4028 831 4085 et
851 4026 1056 4085 Phormionis
1077 4040 1190 4084 secura
1210 4024 1344 4083 audacia

167 4140 294 4213 egregie
325 4139 516 4215 depingitur.
550 4141 611 4199 Sed
641 4155 757 4199 verum
785 4140 814 4199 ei
839 4139 979 4199 colorem
1002 4138 1148 4213 praebuit
1171 4137 1343 4197 Ambivius

167 4253 294 4328 Turpio,
319 4254 358 4312 de
382 4269 444 4326 quo
468 4255 548 4313 haec
570 4255 670 4313 tradit
694 4253 890 4313 Scholiasta:

214 4368 347 4441 ,Adhuc
378 4369 528 4427 narratur
557 4368 666 4427 sabula
693 4368 732 4427 de
756 4367 905 4427 Terentio
929 4369 962 4426 et
985 4365 1136 4425 Ambivio
1160 4365 1264 4437 ebrio;
1290 4366 1344 4438 qui

168 4483 298 4542 acturus
317 4481 402 4543 hanc
420 4481 572 4557 fabulam,
594 4482 736 4543 oscitans
752 4481 956 4557 temulenter,
974 4482 1070 4556 atque
1083 4494 1195 4538 aurem
1207 4479 1343 4539 minimo
