3230 5260
843 663 904 721 144

327 867 376 910 vs.
404 853 431 911 l.
478 852 700 911 huiuscemodi
724 853 790 910 est:

550 966 601 1024 lta
623 965 673 1039 pol
698 964 829 1037 quidem
852 980 904 1024 res
928 967 987 1040 est,
1013 967 1049 1024 ut
1073 965 1164 1040 dixti,
1189 965 1314 1026 Lesbia.

283 1080 414 1139 Praeter
438 1079 538 1139 citata
561 1079 628 1139 iam
651 1079 731 1138 haec
750 1080 962 1138 annotantur:
984 1079 1046 1138 ita
1068 1080 1135 1154 pol
1159 1080 1343 1153 quidem]
1367 1095 1443 1155 „pro

283 1193 390 1252 ductio
414 1195 464 1252 est
487 1193 652 1252 narrativa
675 1193 714 1252 ad
735 1192 930 1265 explendum
953 1193 1049 1253 modo
1068 1192 1176 1267 potius
1200 1194 1444 1254 iusiurandum.’'

284 1306 364 1381 Quid
387 1307 449 1366 sibi
472 1307 574 1366 velint
597 1306 676 1365 haec
696 1304 875 1379 intelligere
895 1305 977 1364 mihi
996 1305 1116 1365 videor.
1139 1306 1190 1366 Sic
1210 1307 1298 1366 enim
1318 1308 1445 1383 accipio:

286 1421 411 1496 „totum
443 1420 530 1480 istud
561 1420 622 1478 ita
652 1435 719 1478 res
750 1420 816 1478 θεῖ
839 1421 883 1478 ut
907 1419 1018 1478 dixti
1042 1419 1195 1480 Lesbia
1217 1421 1297 1480 nihil
1321 1423 1370 1481 est
1390 1422 1447 1481 nisi

283 1533 419 1593 verbosa
453 1534 611 1607 quaedam
647 1535 679 1592 et
713 1532 890 1592 narrationi
925 1549 944 1591 a
974 1533 1110 1592 muliere
1135 1536 1267 1608 coeptae
1290 1537 1365 1609 apta
1385 1551 1446 1610 pro-

283 1647 390 1707 ductio
414 1647 620 1706 iurisiurandi
643 1647 741 1720 pol.”
763 1647 824 1705 Sed
844 1661 947 1705 unum
967 1646 1081 1706 scholii
1100 1646 1294 1708 vocabulum
1313 1650 1447 1724 potius

283 1763 469 1835 corruptum
482 1763 617 1836 videtur,
631 1776 687 1834 pro
700 1776 762 1833 quo
775 1761 1013 1820 restituendum
1025 1761 1106 1821 lere:
1120 1777 1191 1836 pro
1201 1778 1222 1821 n
1231 1779 1252 1822 u
1261 1765 1305 1822 nt
1314 1763 1324 1820 i
1333 1764 1445 1822 atum.

328 1876 377 1934 Ad
399 1889 448 1933 νε.
474 1874 510 1933 2:
1061 1947 1065 1958 ι

449 1988 593 2048 Fidelem
617 1987 702 2047 haud
726 1989 828 2047 ferme
851 1987 981 2047 mulieri
1004 1988 1152 2048 invenias
1175 1989 1284 2048 virum

283 2105 473 2162 annotatur:
512 2102 706 2176 „fidelem
742 2100 859 2160 maluit
893 2117 992 2174 quarn
1023 2101 1156 2161 fidum
1180 2102 1301 2161 dicere:
1325 2103 1448 2162 fidum

283 2217 370 2276 enim
394 2215 562 2274 honestius
586 2215 755 2274 dixisset.’'
780 2216 892 2288 Inepte
917 2215 1085 2275 enuntiata
1108 2217 1189 2275 haec
1208 2218 1301 2289 sunt;
1323 2217 1449 2276 obscura

282 2332 394 2389 tamen
418 2303 491 2389 esse
513 2345 577 2388 non
600 2331 737 2403 possunt
761 2330 790 2389 ei
814 2331 869 2402 qui
889 2331 1000 2389 sedulo
1020 2330 1143 2390 scholia
1162 2331 1366 2390 lectitarent.
1380 2330 1448 2389 Sen-

281 2444 385 2503 tentia
418 2444 505 2502 enim
541 2445 607 2502 est:
644 2443 777 2502 fidum
808 2459 872 2502 non
903 2444 985 2502 dixit
1009 2443 1066 2502 sed
1089 2443 1279 2520 fidelem,
1305 2444 1449 2517 quoniam

283 2558 320 2616 de
346 2559 490 2617 amatore
513 2557 671 2630 loquitur;
697 2557 730 2616 in
754 2557 848 2616 illum
871 2559 982 2616 autem
1006 2557 1202 2616 adiectivum
1222 2557 1374 2618 firmus
1391 2571 1449 2616 non

283 2671 449 2731 convenit:
482 2671 618 2729 nimiam
649 2669 746 2729 habet
777 2669 855 2728 illud
887 2659 1084 2743 gravitatem
1116 2670 1252 2739 (amicus
1280 2685 1356 2744 erga
1378 2670 1448 2730 ami·

282 2799 357 2843 cum
380 2782 462 2843 fidus
486 2783 611 2858 dicitur,
637 2799 701 2842 non
724 2784 850 2841 amator
874 2797 950 2856 erga
975 2783 1136 2852 amicam).

327 2901 369 2958 6:
384 2897 593 2972 „Pamphilus
618 2912 692 2969 ergo
715 2894 859 2954 firmavit
882 2893 1012 2970 fidern,’'
1037 2895 1138 2969 Mysis
1162 2899 1273 2957 narrat

492 3011 575 3069 Nam
600 2983 683 3083 quod
706 3009 884 3084 peperisset
906 3010 1030 3079 (amica)
1056 3010 1152 3068 iussit
1175 3010 1254 3070 tolli.

281 3125 482 3184 Annotatur:
522 3124 630 3198 „Haec
665 3125 715 3182 est
749 3121 829 3182 fides
864 3123 985 3196 suscipi
1019 3120 1103 3182 filios
1137 3124 1301 3198 legitimos
1335 3125 1452 3185 faciunt

282 3240 464 3312 parentes”
485 3239 680 3312 Legendum,
703 3239 740 3294 ut
760 3237 880 3316 opinor,
902 3236 1178 3310 suscipiendo
1202 3253 1258 3311 pro
1282 3239 1450 3314 suscipi.

283 3352 449 3424 Sequitur:
488 3351 652 3427 „Sublatio
687 3350 803 3409 matris
838 3351 897 3423 est,
934 3350 1036 3422 patris
1070 3350 1215 3426 tollere‚”
1247 3367 1328 3425 quae
1359 3369 1452 3414 sensu

282 3480 375 3524 cassa
394 3467 480 3524 sunt.
501 3466 539 3524 In
559 3464 730 3523 Klotziana
749 3466 856 3523 totum
876 3462 1021 3522 scholion
1040 3463 1262 3524 huiuscemodi
1275 3469 1342 3526 est:
1359 3468 1453 3543 „haec

282 3580 333 3637 θεῖ
363 3577 451 3654 fides,
485 3578 614 3651 suscipi.
649 3577 747 3636 Filios
778 3576 943 3650 legitimos
973 3577 1097 3636 faciunt
1127 3580 1239 3650 partus
1263 3581 1295 3638 et
1318 3580 1452 3640 sublatio

282 3692 398 3751 matris
433 3693 466 3750 et
499 3692 633 3766 patris,'’
670 3691 753 3763 quod
789 3705 847 3763 ego
882 3690 928 3748 sic
959 3688 1133 3764 refingam:
1164 3690 1264 3766 „haec
1287 3695 1338 3752 θεῖ
1360 3692 1452 3753 fides:

282 3806 485 3880 suscipiendo
516 3805 599 3866 filios
622 3805 786 3878 legitimos
810 3804 933 3863 faciunt
956 3807 1124 3878 parentes;
1150 3807 1182 3863 et
1205 3808 1318 3878 partus
1341 3807 1453 3866 matris

282 3922 340 3996 est,
367 3919 506 3978 sublatio
530 3919 664 3993 patris.'’

328 4035 378 4094 12.
415 4034 503 4093 Simo
539 4048 640 4092 senex
671 4033 804 4092 tandem
836 4032 1006 4105 aliquando
1031 4047 1075 4107 se,
1101 4033 1178 4092 dum
1202 4035 1263 4094 sibi
1286 4035 1349 4109 ipsi
1371 4036 1451 4094 vide·

280 4150 369 4207 retur
389 4149 527 4221 astutus
550 4147 720 4220 deceptum
742 4162 761 4205 a
780 4162 874 4205 servo
893 4144 1022 4218 filioque
1042 4145 1203 4221 intelligit.
1226 4148 1451 4223 semetipsum

281 4277 355 4335 ergo
379 4262 506 4321 incusat
530 4261 663 4319 dicendo

622 4375 679 4432 vix
702 4375 834 4434 tandem
859 4374 946 4432 sensi
971 4373 1117 4433 stolidus.

281 4489 504 4547 Sentiendi
525 4491 635 4547 autem
655 4488 752 4547 verbo
773 4489 850 4547 dum
869 4489 980 4545 utatur
1000 4487 1038 4544 de
1058 4502 1093 4545 se
1114 4503 1189 4546 eum
1206 4505 1269 4548 non
1286 4492 1451 4562 tamquam
