3234 5254
733 662 792 722 167

219 852 242 926 I,
280 853 308 926 2,
345 854 375 912 6.
412 851 589 920 Omitto]
629 847 852 927 ,aspernarer
888 849 993 910 Immo
1024 848 1212 929 aequilatus.
1245 853 1346 928 Saepe

175 965 221 1024 sic
244 965 277 1024 in
300 965 417 1024 Donati
441 964 635 1024 editionibus
659 965 819 1037 peccatur.

219 1079 269 1138 21.
295 1077 402 1153 ,Quod
422 1094 496 1138 cum
517 1079 589 1138 aliis
608 1093 707 1152 grave
727 1077 928 1151 propositum
948 1079 1007 1152 est,
1022 1078 1082 1138 hoo
1093 1079 1200 1139 solum
1213 1080 1345 1140 dicendo

173 1193 243 1251 leve
278 1193 390 1267 reddit,
423 1193 454 1252 id
486 1193 536 1250 est
559 1192 574 1250 i
580 1207 674 1250 ores
698 1191 739 1250 ei
744 1191 759 1250 1
765 1191 908 1264 regit.'’
934 1191 1102 1251 Sententia
1125 1194 1192 1252 est:
1219 1195 1346 1268 ,cetera

173 1305 325 1364 Aeschini
366 1305 509 1365 facinora
551 1305 613 1364 alio
653 1304 793 1378 appellat
827 1305 958 1364 nomine
993 1304 1103 1380 Micia,
1140 1306 1200 1366 hoo
1235 1308 1345 1366 autem

174 1418 267 1486 (fores
288 1417 433 1493 effregit),
456 1419 539 1491 quod
558 1433 657 1492 grave
676 1416 768 1477 fieret
788 1418 951 1494 delictum,
973 1419 1001 1478 si
1020 1419 1119 1478 simul
1139 1434 1213 1479 oum
1230 1421 1345 1480 ceteris

172 1531 325 1590 Aeschini
348 1532 831 1620 peccatiscommemoraretur,
856 1531 927 1591 leve
951 1532 1055 1592 reddit
1078 1534 1265 1606 separando.

217 1645 358 1705 24-27.
884 1645 932 1704 Tu
954 1662 1041 1707 nuno
1064 1646 1122 1706 tibi

370 1759 406 1818 id
429 1760 517 1819 laudi
539 1759 639 1836 ducis,
665 1759 749 1833 quod
773 1775 837 1819 non
860 1760 967 1819 fecisti
991 1759 1122 1834 inopia?

372 1874 530 1933 Iniurium
554 1875 613 1949 est,
637 1874 768 1933 namsi
792 1875 880 1933 esset
902 1875 987 1934 unde
1009 1873 1157 1934 idfleret

371 1988 574 2048 Faceremus.

171 2101 219 2160 Ad
255 2117 303 2161 vs.
338 2103 378 2162 26
411 2103 601 2161 annotatur:
637 2115 720 2175 ,non
752 2102 802 2160 est
833 2102 1015 2161 necessario
1047 2117 1256 2178 consequens
1287 2103 1344 2162 sed

171 2216 377 2289 probabiliter
408 2215 591 2274 admittitur
621 2215 704 2288 apud
736 2215 912 2274 oratores.'’
941 2216 1042 2289 Lege:
1067 2217 1111 2275 ut
1134 2217 1240 2291 apud
1263 2231 1344 2276 ora-

172 2331 303 2389 tores:
336 2330 396 2390 hoc
426 2346 491 2390 non
521 2329 703 2389 necessario
731 2329 885 2404 sequitur,
911 2330 967 2389 sed
990 2331 1161 2404 tamquam
1183 2328 1345 2404 probabile

171 2445 321 2520 sumitur,
347 2447 383 2504 ut
407 2446 550 2504 oratores
574 2444 679 2503 facere
702 2444 817 2503 solent.

217 2559 258 2616 29
438 2557 500 2617 Ubi
525 2559 557 2617 te
582 2558 808 2630 exspectatum
832 2556 981 2616 eiecisset
1004 2557 1100 2618 foras.

171 2671 469 2745 Expectatum]
498 2671 665 2745 ,odiosum
689 2671 722 2728 et
745 2670 851 2729 malae
874 2670 993 2729 vitae.”
1018 2671 1079 2731 Pro
1100 2671 1234 2730 malae
1253 2671 1345 2730 varia

171 2786 265 2844 lectio
289 2787 340 2845 est
363 2785 588 2858 molestae,
614 2799 712 2856 quam
732 2784 853 2857 recepit
873 2784 1052 2844 Klotziana.
1075 2786 1151 2844 Mihi
1171 2788 1344 2858 utrumque

171 2900 328 2974 displicet.
371 2901 473 2974 Lego:
519 2899 686 2974 ,odiosum
729 2900 762 2958 01
795 2897 904 2957 male
940 2899 1082 2958 vivum
1114 2900 1144 2968 (i.
1166 2915 1211 2959 e.:
1247 2915 1344 2973 quem

170 3014 280 3073 vivere
304 3014 404 3074 etiam
428 3015 461 3072 et
484 3013 545 3086 ipsi
569 3013 602 3072 et
625 3012 698 3071 aliis
721 3011 898 3072 molestum
922 3013 992 3081 est).

216 3128 268 3186 56.
307 3127 494 3201 ,Rusticani
528 3126 690 3186 stomachi
725 3127 775 3185 est
809 3127 953 3200 repetere
984 3141 1112 3200 semper
1142 3127 1241 3186 verba
1263 3142 1345 3200 quae

171 3239 293 3299 invitus
325 3239 407 3298 alius
431 3239 599 3299 audierit.”
625 3240 695 3298 Non
720 3240 906 3313 corruptum
930 3238 1119 3299 audierit
1141 3241 1198 3299 sed
1222 3241 1345 3301 dictum

171 3355 217 3413 ita
251 3355 288 3413 ut
322 3353 442 3414 Graece
476 3349 630 3413 ἀκούσειεν
661 3349 709 3414 ἅν.
743 3353 909 3413 Excidisse
941 3354 1053 3412 tamen
1080 3353 1191 3427 opinor
1214 3356 1345 3415 semel

171 3468 244 3542 post
269 3467 467 3528 audierit.

217 3581 256 3639 71
278 3595 325 3654 sq.
699 3580 790 3640 Dixit
813 3581 896 3641 velle
920 3597 1056 3641 uxorem
1080 3581 1212 3641 ducere:

395 3695 570 3768 Sperabam
594 3695 660 3754 iarn
684 3695 859 3754 defervisse
883 3695 1145 3755 adolescentiam.

173 3807 263 3867 Sch:
299 3809 400 3882 ,mire
428 3824 492 3868 non
516 3809 615 3868 dixit:
640 3808 811 3881 sperabam
835 3808 927 3867 illum
952 3809 1018 3867 iarn
1042 3810 1260 3883 corruptum.”
1285 3812 1345 3870 Pro

172 3924 417 3996 corruptum
459 3923 529 3996 lege
564 3923 761 3982 correctum:
798 3937 862 3980 non
897 3923 1046 3996 magistri
1080 3938 1209 3982 morum
1243 3925 1346 3985 instar

173 4034 265 4094 Micio
289 4034 438 4110 loquitur,
464 4037 520 4096 sed
544 4035 596 4095 hic
620 4051 744 4109 quoque
764 4035 924 4095 lenissimi
944 4035 1045 4110 patris
1065 4051 1214 4096 sermone
1233 4037 1346 4098 utitur.

218 4257 258 4331 II,
287 4258 313 4334 1,
340 4260 369 4319 5.
419 4259 622 4335 Quamquam
646 4262 696 4320 est
719 4260 886 4336 scelestus,
911 4275 977 4319 non
1000 4260 1184 4319 committet
1207 4259 1300 4318 hodie

826 4376 981 4445 [unquam
1005 4372 1124 4432 iterum
1146 4374 1183 4432 ut
1205 4372 1345 4444 vapulet.

175 4485 336 4545 Iterum
366 4488 411 4546 ut
440 4486 632 4562 vapulet:
668 4488 856 4560 ,minaciter
887 4488 982 4559 poeta
1011 4487 1151 4559 priorem
1182 4486 1273 4544 litem
1297 4501 1346 4543 su-
