3234 5254
857 636 918 696 178

297 827 326 884 si
359 826 527 886 habitet
562 825 681 886 diceret
715 840 779 884 non
811 826 881 884 erat
912 823 1094 899 errandum,
1124 823 1234 897 agnita
1257 839 1394 897 persona
1414 823 1464 882 ubi

198 1009 200 1017 y
296 938 421 998 habitet
451 940 594 1013 cognito;
628 940 660 998 et
690 938 839 998 sinatus
863 939 951 997 esset
974 937 1064 997 nulla
1087 953 1185 998 causa
1208 937 1411 1010 quaerendi.''
1434 937 1464 995 Si

296 1052 396 1124 Syrus
426 1052 580 1111 dixisset:
615 1052 701 1127 „scio
733 1051 786 1110 ubi
818 1051 915 1110 homo
941 1051 994 1110 ille
1026 1051 1160 1125 habitet,
1187 1066 1293 1110 errare
1317 1049 1382 1108 iam
1405 1066 1465 1110 non

295 1168 406 1238 posset
438 1165 568 1242 Demea,
605 1166 680 1239 quia
714 1135 847 1238 cognito·
877 1164 964 1223 illius
998 1163 1140 1224 hominis
1174 1163 1345 1238 domicilio,
1371 1164 1465 1223 simul

294 1279 402 1353 ipsum
436 1281 641 1354 agnosceret;
678 1281 711 1338 et
745 1279 774 1338 si
809 1281 905 1338 notus
937 1279 990 1338 ille
1021 1279 1118 1338 homo
1142 1279 1172 1338 ei
1195 1281 1282 1338 esset
1307 1281 1350 1348 (et
1373 1280 1464 1337 notus

295 1396 345 1453 est
375 1395 466 1453 ouius
497 1393 696 1453 domicilium
729 1393 890 1462 novimus)
922 1407 986 1452 uon
1011 1392 1076 1452 iam
1101 1395 1169 1452 erat
1193 1393 1277 1466 quod
1301 1393 1465 1465 quaereret

293 1507 445 1566 Demea.'’
471 1505 516 1567 Cf.
541 1507 693 1566 Phormio
716 1521 766 1565 vs,
793 1507 875 1565 305:

829 1619 1004 1679 Hominem
1028 1621 1314 1680 commonstrarier

448 1735 490 1794 Mi
513 1735 614 1793 istum
638 1733 720 1808 volo,
746 1735 802 1792 aut
826 1733 879 1792 ubi
902 1733 1027 1793 habitet
1050 1734 1310 1794 demonstrarier.

339 1849 390 1907 35.
426 1847 503 1907 Ubi
539 1864 582 1907 eo
614 1848 803 1921 veneria,
837 1847 974 1906 clivos
1005 1848 1200 1908 deorsum
1225 1863 1377 1908 vorsus
1402 1849 1464 1907 est

292 1960 368 2020 hac
402 1965 441 2020 te
476 1961 786 2035 praecipitato]
827 1961 907 2034 „hoo
940 1962 1060 2022 lentius
1092 1963 1189 2036 aliqui
1221 1963 1342 2037 legunt,
1369 1962 1463 2035 aliqui

293 2073 410 2133 clarius
445 2077 481 2134 ut
511 2075 555 2135 sit
585 2073 875 2149 praecipitato
907 2075 969 2134 cito
1001 2076 1189 2136 descende.”
1222 2077 1365 2151 Antiqua
1388 2077 1463 2135 haec

291 2188 386 2248 lectio
421 2204 573 2263 sanaque,
610 2187 672 2247 nisi
704 2188 787 2261 quod
818 2203 920 2261 pauca
950 2188 1107 2248 vocabula
1130 2189 1370 2249 desiderantur:
1394 2191 1464 2264 post

292 2302 381 2374 prius
404 2302 491 2360 eninr
512 2301 647 2374 aliqui
669 2301 817 2374 legunt
837 2301 1044 2360 inserendum
1064 2303 1115 2360 est
1134 2303 1178 2360 ut
1197 2303 1256 2361 sit
1274 2303 1462 2362 maledic-

291 2417 387 2474 tum.
411 2413 571 2488 Ambigua
595 2414 683 2473 enim
707 2413 830 2472 dictum
854 2415 1144 2488 praecipitato
1168 2417 1217 2474 te.

336 2530 388 2588 47.
420 2528 496 2587 Ubi
528 2527 690 2602 potetis
722 2530 813 2597 vos]
850 2528 992 2601 „incerta
1021 2543 1174 2601 persona:
1208 2545 1285 2589 uam
1309 2530 1390 2603 Syro
1414 2531 1461 2589 vel

290 2642 430 2701 Demeae
460 2643 521 2701 hoc
544 2641 668 2701 dictum
691 2641 780 2714 iungi
803 2643 942 2714 potest.”
967 2642 1027 2700 Pro
1052 2642 1170 2717 iungi
1193 2643 1263 2717 lege
1287 2644 1461 2718 iniungi.

290 2757 330 2817 Et
353 2772 472 2816 nomen
495 2756 671 2816 Demeae
696 2757 882 2829 corruptum
907 2757 973 2829 est;
999 2771 1063 2816 non
1087 2756 1174 2816 enim
1195 2757 1241 2816 illi
1262 2757 1385 2817 dictum
1406 2758 1461 2816 hoc

290 2872 341 2929 est
364 2870 420 2929 sed
443 2871 512 2944 ipse
536 2870 627 2928 dixit.
654 2868 822 2928 Sententia
845 2869 1018 2942 requiritur
1042 2870 1138 2928 haec:
1166 2871 1265 2945 „Vos
1285 2869 1461 2944 significat:

290 2987 322 3042 te
347 2999 421 3043 oum
445 2986 513 3043 toto
537 2976 600 3043 isto
624 2984 779 3057 nepotum
803 2984 931 3056 grege.’'

221 3137 224 3142 -
336 3097 387 3155 te.
420 3097 503 3156 Data
526 3096 614 3156 vocis
640 3095 916 3155 silicernium
941 3097 1154 3170 explicatione
1177 3098 1257 3157 haec
1281 3099 1386 3158 addit:
1415 3102 1464 3173 „et

291 3210 338 3267 sic
372 3212 423 3268 est
457 3210 574 3270 melius
610 3225 708 3282 quam
743 3211 780 3268 ut
814 3181 945 3282 quidam
976 3210 1191 3284 Xenophonte
1213 3211 1463 3286 interpretantes

290 3325 414 3398 putant,
451 3324 499 3383 sic
533 3339 591 3383 nos
628 3323 904 3382 silicernium
939 3323 1127 3399 intelligere,
1163 3326 1224 3384 hoc
1259 3327 1308 3385 est
1339 3328 1463 3387 silicem

291 3440 476 3496 cernentem
511 3453 634 3512 senem,
671 3437 748 3495 dum
784 3437 937 3495 incurvus
968 3439 1027 3512 est,
1060 3438 1111 3497 vel
1142 3440 1264 3498 stratae
1287 3455 1369 3499 saxo
1393 3441 1463 3500 viae

290 3549 435 3609 intentus
470 3550 521 3609 vel
557 3550 746 3624 sarcophagi
777 3550 912 3609 iamiam
943 3549 1227 3625 appropinquantis
1258 3553 1351 3613 sibi.”
1384 3554 1462 3629 Quid

290 3664 370 3724 haec
412 3665 521 3724 omnia
563 3665 602 3724 ad
644 3663 917 3738 Xenophontem?
962 3664 1095 3737 Baylius
1130 3663 1332 3741 ξυννενοφότα
1367 3668 1444 3741 legit
1452 3685 1459 3739 ;

290 3778 438 3849 equidem
463 3777 646 3837 comoediae
670 3777 802 3836 titulum
825 3777 926 3836 latere
950 3777 1003 3836 hio
1026 3778 1146 3852 opinor.
1174 3779 1344 3840 Stratae
1368 3781 1459 3839 viae

290 3892 339 3949 est
363 3891 526 3964 genitivus
551 3891 589 3949 ab
614 3890 726 3949 eodem
747 3905 849 3949 saxo
870 3891 1052 3964 dependens
1073 3907 1173 3965 aquo
1193 3894 1311 3967 pendet
1330 3909 1456 3954 sarco·

288 4005 415 4078 phagi
447 4003 842 4080 appropinquantis.

333 4228 385 4304 IV,
419 4231 449 4304 3,
483 4230 512 4288 2.
545 4229 583 4287 ln
606 4229 825 4303 peccatum
850 4229 987 4287 ortum
1015 4229 1080 4286 est
1103 4243 1216 4288 vocem
1240 4234 1455 4303 peccatum

287 4358 360 4402 esse
384 4343 565 4402 subiectum
589 4343 649 4402 hoc
673 4342 863 4415 argumento
887 4343 1144 4401 demonstratur:
1168 4359 1354 4418 „nunquam
1374 4347 1455 4404 enim

289 4457 400 4516 eadem
424 4472 499 4529 pars
520 4456 674 4515 orationis
691 4455 779 4530 iungi
792 4455 854 4513 nisi
866 4471 922 4530 per
934 4451 1097 4515 ἀσύνδετον
1109 4459 1247 4531 potest.’'
1261 4458 1339 4518 Dele
1359 4459 1455 4518 nisi:
