3230 5260
739 685 781 744 89

172 877 206 934 ut
238 875 379 950 effugere
408 889 473 933 non
503 889 598 948 posse
628 873 690 932 sibi
719 873 876 950 videatur,
907 873 960 933 his
989 873 1097 933 verbis
1120 873 1154 933 in
1176 875 1343 934 auctorem

170 988 292 1048 funesti
315 989 475 1048 mendacii
498 987 679 1048 invehitur:

393 1103 457 1164 Ubi
480 1104 545 1163 illic
569 1104 643 1163 est?
666 1103 782 1178 scelus,
807 1103 863 1176 qui
884 1118 939 1162 me
961 1102 1109 1163 hodie...

169 1220 228 1279 Est
258 1219 319 1278 hoc
349 1219 479 1279 initium
510 1233 635 1293 scenae,
668 1217 719 1277 cui
745 1216 1034 1292 prudentissimam
1056 1216 1140 1276 hanc
1162 1216 1343 1290 praemittit

169 1333 430 1393 observationem
470 1332 665 1392 Scholiasta:
704 1331 813 1407 ,Haec
842 1346 940 1390 scena
971 1330 1062 1390 cuius
1091 1329 1342 1404 perturbationis

71 1519 73 1524 Ι
170 1463 242 1507 1111
274 1448 397 1523 debeat,
430 1447 530 1507 etiam
561 1461 658 1520 supra
680 1447 784 1528 poeta
813 1446 1021 1521 praestruxit,
1049 1461 1124 1505 cum
1148 1442 1341 1505 1111111111-

168 1561 317 1621 tiendum
340 1560 421 1621 Davi
445 1561 578 1621 consilio
601 1560 731 1621 tardum
754 1559 962 1634 Pamphilum
985 1559 1137 1620 iaceret.’'

213 1675 313 1734 Andr.
344 1690 392 1735 vs.
425 1677 500 1735 642.
532 1674 700 1750 Charinus,
731 1675 765 1734 in
792 1689 934 1735 errorem
964 1675 1114 1734 inductus
1137 1673 1238 1734 stulto
1261 1674 1343 1734 Davi

170 1789 364 1864 commento,
398 1787 464 1849 iam
489 1788 590 1848 credit
612 1803 726 1847 revera
748 1787 956 1862 Pamphilum
979 1787 1109 1861 nuptias
1133 1803 1248 1862 cupere
1270 1788 1342 1847 Phi·

169 1902 329 1979 lumenae,
361 1917 460 1976 quam
491 1917 526 1961 se
557 1902 672 1962 ducere
701 1902 785 1961 velle
817 1901 870 1961 ille
894 1902 1115 1961 simulaverat.
1139 1902 1243 1961 Ratus
1267 1917 1342 1977 ergo

170 2016 336 2075 aemulum
360 2018 393 2076 et
413 2014 573 2091 perfidum
596 2015 763 2075 aemulum
782 2030 854 2074 esse
874 2031 970 2088 quem
990 2016 1153 2075 sincerum
1174 2015 1343 2076 crediderit

171 2130 313 2189 amicum
336 2130 442 2189 multa
465 2130 663 2190 lamentatur
687 2130 725 2189 de
745 2130 882 2189 fallaciis
902 2130 1081 2189 hominum.
1103 2128 1246 2189 Tandem
1266 2145 1342 2189 eum

170 2242 359 2317 Pamphilus
382 2243 430 2303 sic
453 2243 642 2316 alloquitur:

258 2355 405 2432 Charine,
438 2358 471 2416 et
500 2371 554 2415 me
582 2358 615 2416 et
638 2357 671 2416 te
694 2356 890 2430 imprudens,
915 2356 979 2415 nisi
1002 2357 1077 2430 quid
1099 2356 1133 2415 di
1155 2355 1340 2432 respiciunt,

1153 2469 1295 2544 [perdidi.

169 2585 209 2643 Et
242 2584 314 2644 ille:
352 2584 472 2659 ,Itane
510 2583 729 2658 imprudens.’'
765 2583 910 2643 Annotat
945 2583 1142 2643 Scholiasta:
1180 2583 1278 2658 ,Mire
1309 2585 1342 2644 et

170 2696 342 2758 artificiose
372 2697 449 2756 fecit
479 2696 686 2771 Pamphilum
712 2697 854 2770 priorem
877 2696 996 2770 alloqui
1019 2697 1059 2756 11
1081 2696 1342 2770 perfringendam

170 2811 370 2872 iracundiam
390 2809 536 2883 Charini;
557 2810 699 2884 alioquin
718 2811 746 2869 si
761 2811 848 2884 prior
859 2811 1028 2870 vociferari
1036 2811 1205 2886 potuisset,
1219 2811 1342 2886 tragica

170 2924 406 2985 exclamatione
437 2939 516 2984 usus
546 2923 684 2983 fuisset”
717 2926 765 2984 et:
801 2924 960 2999 ,Attende
983 2924 1044 2984 hoc
1067 2925 1159 2984 illum
1186 2926 1339 3001 repetere,

170 3039 253 3112 quod
285 3039 470 3112 indignatur
499 3038 615 3114 magis,
640 3037 733 3111 quasi
757 3038 910 3099 audierit:
935 3038 1196 3114 imprudens,
1222 3039 1255 3097 et
1277 3053 1342 3097 non

171 3152 307 3211 audierit
325 3151 480 3224 reliqua.'’
500 3150 712 3210 Rectissime:
734 3149 892 3211 Charinus
912 3151 1136 3225 inexspectata
1155 3150 1342 3210 calamitate

172 3265 319 3340 afflictus,
351 3264 501 3338 colloquii
532 3265 662 3324 initium
693 3279 758 3323 non
787 3263 885 3323 faciet
908 3265 971 3323 nisi
994 3264 1102 3323 verbis
1125 3267 1195 3323 tarn
1218 3264 1342 3323 acerbis

171 3379 301 3451 tamque
323 3377 428 3452 plenis
452 3377 682 3452 indignationis
705 3380 742 3437 ut
761 3378 818 3436 vix
838 3377 1091 3437 adolescentium
1111 3377 1216 3451 gratia
1234 3393 1341 3437 recon-

172 3491 271 3550 ciliari
294 3491 406 3565 possit.
431 3489 523 3550 Nunc
542 3491 703 3566 Pamphili
723 3491 822 3550 verba
841 3507 906 3550 non
925 3491 1033 3550 solum
1052 3492 1122 3550 eius
1141 3491 1342 3550 iracundiam

172 3605 327 3680 cohibent,
364 3606 420 3664 111
456 3606 556 3664 etiam
587 3605 628 3664 iis
657 3604 775 3664 finibus
806 3605 1059 3664 adolescentium
1090 3606 1342 3679 disputationem

173 3702 337 3778 includunt
355 3720 393 3778 ut
412 3718 523 3792 paucis
543 3718 650 3777 verbis
673 3734 801 3792 ,rerum
814 3718 963 3778 inscitia”
977 3734 1059 3791 quae
1071 3718 1185 3794 tuerat,
1199 3719 1340 3778 tollatur.

213 3847 262 3892 vs.
284 3833 358 3892 819.
379 3832 489 3892 Davus
508 3831 621 3892 fiotum
642 3847 661 3892 a
680 3849 715 3892 11
734 3833 941 3892 mendacium
961 3834 999 3892 de
1011 3833 1123 3893 litibus
1135 3833 1342 3907 Pamphilum

173 3945 254 4006 inter
279 3949 311 4006 et
336 3946 521 4020 Glycerium
544 3947 689 4006 narravit
713 3947 836 4007 Simoni
860 3947 1020 4022 Pamphili
1043 3948 1135 4023 patri,
1161 3947 1215 4019 qui
1238 3945 1342 4006 filium

172 4073 265 4118 suurn
301 4059 416 4138 ducere
450 4060 521 4119 vult
555 4059 737 4120 Chremetis
770 4059 889 4121 filiam:
925 4060 1145 4120 simulandum
1177 4060 1264 4120 enim
1291 4063 1342 4120 est

172 4172 339 4246 Pamphilo
370 4187 495 4246 quoque
529 4172 589 4232 has
612 4174 742 4248 nuptias
764 4174 900 4248 placere.
926 4174 1029 4233 Simul
1053 4139 1164 4232 tamen
1188 4172 1342 4233 Chremes

172 4285 378 4345 deterrendus
402 4288 452 4345 est
475 4302 515 4346 ne
538 4284 641 4346 filiam
660 4288 730 4361 det;
752 4288 822 4347 ideo
842 4286 1009 4362 Mysidem,
1032 4286 1171 4359 Glycerii
1190 4286 1341 4345 ancillam

173 4398 258 4458 iubet
277 4399 437 4459 Parmeno
457 4399 616 4459 infantem
636 4415 653 4459 e
673 4400 841 4473 Pamphilo
861 4401 976 4458 natum
997 4401 1071 4458 ante
1092 4398 1233 4457 Simonis
1246 4399 1341 4458 aedes

173 4525 337 4590 apponere.
371 4513 432 4574 Sed
463 4513 559 4574 citius
590 4529 688 4587 quam
716 4514 924 4587 exspectatus
948 4514 999 4571 est
1022 4509 1176 4571 Chremes
1200 4511 1339 4586 advenit,
