3234 5254
850 657 912 718 164

338 847 387 908 15.
412 861 459 919 sq.
505 845 589 906 Nam
612 846 696 919 quod
719 845 776 905 isti
798 845 909 924 dicunt
931 843 1092 919 malevoli,
1119 843 1271 904 homines
1290 844 1409 906 nobiles

508 959 590 1020 llum
614 959 760 1018 adiutare
783 958 975 1031 assidueque
997 972 1063 1017 una
1085 957 1234 1017 scribere.

289 1073 558 1146 Assidueque
592 1086 672 1131 una
705 1071 914 1146 scribere]
955 1085 1038 1145 ,non
1069 1071 1116 1131 sic
1148 1071 1226 1130 dicit
1250 1071 1459 1146 adversarius,

289 1187 346 1245 sed
370 1185 423 1244 hic
447 1185 585 1245 oratorie
610 1185 733 1244 crimen
756 1199 820 1244 non
843 1184 981 1258 tangit.”
1007 1183 1123 1244 Mirum
1147 1184 1209 1243 hoc
1232 1183 1371 1244 officium
1395 1199 1460 1243 ora-

290 1299 371 1358 toris
395 1299 517 1358 crimen
541 1298 581 1357 ab
605 1297 788 1364 adversario
808 1297 971 1372 prolatum
993 1311 1073 1356 non
1096 1299 1282 1371 tangere.
1307 1298 1371 1356 Res
1394 1297 1462 1372 ipsa

290 1412 432 1472 declarat
451 1412 526 1486 quid
546 1412 589 1471 sit
608 1412 790 1486 legendum.
811 1411 937 1470 Revera
956 1410 1098 1470 Terentii
1118 1410 1294 1470 adversarii
1313 1411 1461 1470 dixerunt

291 1526 505 1586 interdum
538 1525 591 1585 vel
621 1541 746 1599 saepe
770 1541 845 1584 eum
869 1540 889 1583 a
912 1524 1072 1585 nobilibus
1097 1524 1254 1600 adiutum,
1279 1541 1344 1584 non
1366 1540 1458 1584 sem-

290 1655 360 1712 per
390 1639 442 1697 vel
466 1639 648 1698 assidue.
673 1639 843 1698 Terentius
866 1639 987 1714 autem,
1013 1654 1075 1712 quo
1098 1639 1216 1698 melius
1240 1637 1318 1698 illud
1342 1639 1460 1698 crimen

289 1752 423 1825 refellat,
460 1752 492 1811 id
525 1752 603 1811 facit
637 1754 720 1826 quod
755 1754 899 1812 oratores
934 1752 1048 1828 solent,
1081 1753 1118 1811 ut
1148 1754 1337 1827 augendo
1368 1755 1458 1825 atque

252 1907 254 1914 ,
290 1867 587 1940 exaggerando
625 1866 714 1940 prius
749 1867 861 1925 reddat
895 1866 1077 1929 ridiculum.
1114 1867 1175 1926 Pro
1210 1881 1288 1926 non
1323 1865 1458 1938 tangit

290 1981 402 2038 autem
436 1979 528 2037 extat
562 1979 653 2037 varia
686 1979 781 2038 lectio
818 1978 1038 2053 impingit,
1076 1979 1109 2037 in
1140 1994 1201 2052 quo
1225 1979 1306 2038 latet
1328 1978 1458 2037 verbum

290 2092 498 2166 aptissimum
522 2093 561 2150 ad
585 2090 832 2166 significandum
856 2091 887 2151 id
911 2093 994 2164 quod
1019 2091 1183 2151 dicebam:
1209 2091 1406 2151 intendit.

336 2207 387 2266 23.
412 2221 459 2278 sq.
529 2205 629 2264 Senes
652 2206 706 2279 qui
729 2206 826 2280 primi
849 2205 990 2280 venient,
1016 2205 1039 2263 ii
1061 2207 1189 2278 partem
1212 2205 1373 2278 aperient:

531 2319 569 2376 In
592 2320 714 2392 agendo
737 2321 864 2392 partem
888 2320 1069 2379 ostendent.

335 2433 384 2492 Ad
407 2432 505 2490 verba
528 2432 569 2490 in
592 2433 751 2506 agendo
774 2433 938 2506 partem
962 2433 1192 2492 ostendent
1215 2434 1389 2493 annotatur
1412 2433 1461 2492 hic

291 2561 363 2604 esse
398 2541 614 2622 deaurataeque,
648 2560 729 2619 quae
765 2545 931 2606 annotatio
967 2545 1036 2621 hoc,
1069 2547 1106 2605 ut
1138 2545 1258 2622 opinor,
1291 2547 1353 2606 srbi
1375 2548 1460 2607 vult:

291 2659 379 2718 verbi
421 2659 650 2718 ostendent
685 2658 844 2718 omissum
880 2674 952 2718 esse
986 2659 1169 2719 subiectum
1204 2660 1341 2720 iidem.
1379 2661 1461 2736 Quae

290 2775 484 2846 sequuntur:
513 2771 584 2847 ,hic
608 2773 694 2832 enim
722 2773 788 2831 iam
816 2787 880 2832 non
907 2788 1003 2832 senes
1031 2773 1206 2847 accipiendi
1232 2776 1344 2833 essent
1363 2775 1461 2834 immo

289 2887 396 2960 potius
421 2889 546 2945 ceterae
569 2887 746 2959 personae”
771 2902 856 2946 nunc
879 2887 927 2945 sic
950 2886 1135 2960 accipienda
1158 2889 1235 2947 sunt
1257 2889 1295 2946 ut
1318 2891 1461 2948 essent

291 3001 350 3059 sit:
387 2999 580 3072 alioquin
616 2999 689 3068 (nisi
719 3015 776 3076 per
806 2995 1013 3076 ἀποσιώπησιν
1036 3000 1143 3058 locum
1167 3000 1460 3074 interpretaremur)

293 3115 447 3172 essent.
472 3113 563 3176 Nunc
586 3116 660 3187 apte
683 3113 764 3172 haec
787 3113 963 3172 adduntur:
991 3112 1067 3187 ,sed
1087 3113 1149 3186 ipsi
1168 3128 1263 3174 senes
1283 3115 1316 3174 in
1329 3116 1460 3175 statario

293 3228 476 3286 charactere
499 3231 626 3302 partem
650 3227 803 3302 aperient,
829 3226 862 3284 in
885 3226 1023 3286 motorio
1046 3227 1173 3300 partem
1197 3228 1400 3288 ostendent.'’

338 3452 362 3511 I.
389 3454 416 3528 i,
444 3454 471 3512 1.
497 3453 669 3522 Storax]
696 3451 848 3527 ,nomina
870 3465 1081 3524 personarum
1104 3451 1138 3510 in
1161 3453 1327 3512 comoedia
1345 3453 1460 3514 habere

293 3565 410 3625 debent
432 3566 592 3625 rationem
616 3567 649 3624 et
672 3565 913 3638 etymologiam.
937 3564 1067 3624 Etenim
1091 3565 1265 3625 absurdum
1286 3569 1345 3642 est,
1367 3569 1459 3628 comi-

294 3694 368 3738 cum
399 3681 509 3753 aperte
532 3680 724 3752 argumenta
747 3676 936 3753 confingere,
961 3677 1013 3736 vel
1036 3693 1155 3738 nornen
1177 3695 1333 3752 personae
1357 3681 1459 3740 incon·

292 3807 409 3866 gruum
441 3794 525 3868 dare,
557 3792 609 3851 vel
640 3791 780 3851 officium
811 3791 894 3864 quod
918 3791 961 3850 sit
984 3805 1003 3849 a
1026 3791 1157 3850 nomine
1180 3791 1378 3853 diversum.”
1401 3794 1460 3853 Pro

294 3907 542 3981 confingere
593 3907 765 3980 legendum
810 3905 938 3964 videtur
984 3905 1319 3979 contingentem:
1369 3924 1460 3983 ,oum

293 4021 426 4080 dubium
456 4035 521 4079 non
550 4019 595 4078 sit
626 4019 702 4093 quin
733 4019 876 4078 comicus
907 4017 975 4091 ipse
1002 4033 1060 4076 suo
1092 4016 1249 4078 arbitratu
1271 4023 1461 4094 argumenta

294 4134 463 4210 confingat,
496 4133 670 4192 absurdum
701 4132 745 4191 sit
775 4148 850 4191 eum
874 4132 1020 4206 personis
1043 4132 1118 4190 dare
1142 4132 1275 4192 nomina
1297 4134 1460 4208 officiaque

291 4248 376 4307 inter
399 4262 434 4306 se
458 4246 646 4306 certantia.’'

338 4361 503 4434 Sequitur:
532 4360 621 4434 ,Nisi
643 4375 700 4433 per
723 4357 900 4437 ἀντίφρασιν
920 4374 1039 4418 nomen
1059 4359 1249 4434 imposuerit
1269 4361 1457 4439 ioculariter,

293 4477 329 4533 ut
360 4475 677 4548 Mysargyrides
707 4474 740 4532 in
770 4473 884 4533 Plauto
915 4474 1031 4534 dicitur
1058 4475 1225 4548 trapezita.
1250 4477 1290 4537 Et
1313 4475 1379 4538 fere
1402 4479 1459 4538 hoc
