3254 5274
723 665 836 748 aa

236 878 311 937 440.
335 877 399 937 Ubi
420 877 601 937 nominabit
623 877 825 951 Phaedriam,
850 879 887 936 tu
910 874 1113 951 Pamphilam

336 990 503 1052 Continuo.
529 991 690 1065 Siquando
714 991 769 1050 illa
792 991 876 1049 dicet
902 991 1113 1066 „Phaedriam

336 1105 424 1165 intro
448 1105 621 1165 mittamus
645 1105 897 1166 comissatum”:
923 1106 1127 1180 Pamphilam
1159 1117 1162 1124 ’

335 1218 509 1280 Cantatum
533 1234 755 1293 provocemus
781 1219 814 1278 Si
837 1218 981 1278 laudabit
1004 1219 1084 1278 haec

334 1332 424 1392 Illius
447 1333 604 1392 formam:
629 1335 666 1392 tu
689 1333 785 1391 huius
809 1333 929 1392 contra.
954 1332 1097 1406 Denique

234 1447 309 1506 445.
333 1447 395 1506 Ρ11
417 1463 474 1521 pro
500 1448 569 1520 pari
592 1447 718 1521 referto,
744 1447 827 1520 quod
851 1462 923 1506 eam
947 1447 1103 1507 mordeat.

155 1559 243 1619 Duas
278 1560 318 1620 ad
351 1561 589 1634 lepidissimum
623 1561 709 1619 hunc
743 1561 850 1619 locum
885 1561 1127 1620 emendationes
1162 1562 1327 1635 proposuit

155 1673 330 1749 Bentlejus,
363 1690 500 1748 quarum
527 1675 664 1734 aiteram
687 1675 798 1747 utique
821 1674 1047 1749 recipiendam,
1073 1674 1210 1733 alteram
1233 1675 1327 1748 plane

155 1787 401 1862 improbandam
421 1802 545 1846 0111010.
566 1787 689 1861 Nempe
702 1780 765 1861 'pro
788 1789 1007 1847 cantatum
1026 1787 1113 1846 haud
1128 1788 1237 1849 dubito
1251 1790 1327 1862 quin

155 1904 326 1961 cantum
356 1903 400 1961 tu
430 1901 602 1976 legendum
633 1902 693 1961 sit:
729 1917 809 1978 opus
840 1903 927 1961 1111111
958 1902 1023 1962 illic
1055 1905 1105 1962 est
1127 1903 1327 1976 pronominis

154 2015 356 2090 repetitione.
390 2015 508 2075 Oontra
534 2031 583 2075 vs.
609 2017 672 2075 445
696 2030 809 2075 vereor
833 2015 963 2088 quidem
986 2017 1023 2074 ut
1046 2031 1118 2089 par
1140 2015 1211 2090 pr‘o
1235 2017 1327 2090 pari

155 2129 318 2188 referre
349 2130 462 2189 Latine
485 2110 555 2189 'dici
585 2130 697 2206 possit,
731 2130 788 2189 sed
816 2130 898 2202 quod
921 2128 1087 2203 Bentlejus
1111 2131 1166 2189 dat
1189 2145 1260 2204 par
1283 2132 1326 2189 tu

153 2244 246 2317 pari
266 2243 428 2303 referto
448 2243 533 2302 haud
553 2244 647 2303 dubie
663 2244 819 2303 vitiosum
831 2247 898 2318 est;
912 2259 989 2304 nam
1002 2245 1035 2303 in
1047 2244 1184 2318 singulis
1196 2219 1326 2318 quidem

153 2357 304 2430 partibus
324 2357 450 2416 consilii
472 2373 492 2416 a
515 2357 684 2417 Gnathone
708 2358 775 2417 dati
798 2373 976 2432 pronomen
998 2359 1042 2417 tu
1061 2358 1244 2432 ponendum
1265 2361 1324 2434 est,

154 2473 187 2531 in
212 2488 324 2532 earum
348 2469 603 2548 ἀνοκεφολοιώσει
626 2473 702 2532 11111
724 2473 803 2532 illud
826 2489 890 2532 non
906 2474 1030 2547 potest.

197 2585 254 2646 Vs.
287 2589 397 2647 autem
428 2589 492 2648 439
524 2589 563 2648 id
594 2589 638 2647 ut
668 2603 716 2648 ne
746 2588 829 2648 fiat
859 2573 987 2648 estne
1018 2590 1058 2647 te
1081 2577 1176 2647 ur'at
1199 2569 1219 2648 i.
1234 2603 1260 2647 1.
1285 2604 1326 2647 ne
1391 2578 1393 2581 ”

153 2699 257 2760 ullum
281 2716 323 2759 ex
346 2701 400 2761 illo
425 2702 558 2762 consilio
583 2701 688 2776 capiat
710 2701 862 2761 fructum.

198 2815 248 2874 Ad
267 2831 315 2876 vs
336 2817 401 2875 443
422 2817 502 2876 bene
522 2818 657 2876 annotat
673 2815 869 2875 Scholiasta:
890 2815 1081 2891 ,eleganter
1094 2815 1170 2888 quia
1182 2814 1327 2875 illatoris

155 2929 1325 3015 est,haecintus,illumintromittamus'hancprovocemus’'

198 3042 259 3102 Hic
279 3059 356 3102 vero
376 3043 488 3102 miles:
513 3044 561 3119 ,si
581 3044 711 3116 quidem
730 3059 784 3102 me
804 3045 938 3118 amaret,
959 3046 1032 3103 tum
1051 3042 1129 3102 illud
1148 3043 1324 3117 prodesset,

156 3154 313 3215 Gnatho.’'
345 3156 516 3230 Egregiam
539 3157 592 3215 hic
615 3157 773 3216 habemus
797 3157 1041 3216 annotationem
1065 3156 1263 3216 Scholiastae
1287 3155 1325 3214 de
1366 3202 1371 3210 „

155 3266 308 3351 οἰκονομίᾳ
338 3284 420 3342 01111
451 3270 502 3329 his
532 3270 680 3329 versibus
711 3269 833 3330 inducit
881 3285 1015 3343 ;equa
1037 3269 1118 3328 haec
1141 3268 1324 3328 afferimus:

158 3383 204 3456 ,si
234 3382 295 3442 hoc
317 3383 414 3443 tollas
438 3384 588 3453 (militem
612 3399 740 3457 semper
762 3383 962 3443 intellexisse
986 3397 1022 3441 se
1044 3398 1108 3440 non
1132 3381 1245 3450 amari)
1270 3383 1326 3440 aut

156 3495 371 3556 excludendus
396 3498 446 3556 est
465 3497 631 3573 Phaedria,
654 3498 710 3556 aut
730 3513 746 3555 1
767 3496 874 3556 dolore
894 3496 1009 3555 militis
1030 3496 1063 3554 in
1082 3495 1143 3554 hac
1162 3494 1270 3554 fabula
1289 3492 1326 3553 fit

155 3610 296 3684 tragicus
319 3610 460 3669 exitus.’'
484 3609 550 3669 Nec
572 3610 682 3669 minus
703 3611 831 3683 egregia
843 3597 946 3669 haec:
971 3610 1181 3683 ,meminisse
1201 3610 1326 3682 oportet

156 3723 304 3782 ridiculas
334 3739 489 3797 personas
519 3738 584 3783 non
615 3725 746 3783 omnino
778 3724 896 3783 stultas
928 3724 960 3782 et
991 3724 1145 3784 excordes
1176 3723 1326 3782 inducia

155 3837 257 3908 poetis
281 3837 423 3896 comicis.
448 3835 531 3896 Nam
555 3837 644 3896 nulla
667 3837 836 3896 delectatio
861 3838 919 3911 est,
941 3836 996 3895 ubi
1016 3837 1147 3896 omnino
1167 3836 1221 3908 qui
1241 3835 1324 3894 delu-

156 3949 239 4008 ditur
266 3950 346 4009 nihil
369 3951 486 4024 sapit.'’
504 3944 524 4020 ¹)
544 3951 585 4010 Et
608 3966 723 4009 verum
747 3951 927 4022 essequod
951 3951 989 4008 de
1012 3953 1123 4009 nostro
1146 3964 1244 4009 versu
1274 3950 1324 4008 ob·

159 4126 399 4134 ———-

181 4241 197 4293 ¹)
217 4239 264 4286 Ad.
284 4250 322 4285 ve.
342 4241 389 4284 57&
409 4240 487 4295 Syrus
508 4240 627 4285 Demeam
649 4250 734 4284 senem
756 4240 875 4294 ablegans
899 4240 1001 4294 longam
1016 4239 1039 4284 ei
1053 4240 1180 4283 monstrat
1193 4238 1262 4282 viam
1276 4248 1326 4290 qua

155 4315 255 4362 trahem
276 4319 389 4363 invenire
410 4320 498 4376 possit,
519 4321 632 4372 aliosque
652 4319 746 4363 multos
767 4318 834 4363 locos
848 4303 963 4362 nominat
977 4321 1004 4363 et
1019 4318 1178 4371 angiportum
1194 4316 1325 4368 quendam.

156 4393 199 4438 Sed
220 4396 264 4440 ubi
285 4396 351 4440 dixit
373 4397 439 4452 ,Hac
460 4397 577 4451 pergito,”
598 4397 691 4440 Demea
712 4397 846 4440 exclamat:
871 4396 911 4452 „ld
934 4396 1033 4447 quidem
1048 4395 1207 4448 angiportum
1221 4396 1325 4438 nonest

155 4474 286 4524 pervium.”
309 4475 357 4518 Hic
380 4485 476 4528 quoque
495 4475 592 4528 egregie
613 4475 704 4519 schol:
728 4474 848 4531 „observa
869 4473 1092 4517 Terentianam
1113 4471 1326 4528 consuetudinem,

142 4537 180 4592 ¹in
193 4561 241 4603 qua
254 4551 350 4596 inducit
364 4564 413 4597 non
427 4553 491 4596 nihii
504 4563 591 4605 sapere
606 4563 650 4596 eos
666 4551 708 4604 0111
723 4552 866 4595 falluntur.”
