3230 5260
730 706 771 767 99

158 896 282 976 rectius
301 894 475 970 significari
495 912 593 970 quam
612 898 664 956 his
683 897 799 973 verbis
822 913 903 971 quae
922 898 962 956 ad
978 897 1076 956 Andr.
1093 898 1154 957 183
1164 889 1335 970 adscripsit

159 1010 352 1070 Scholiasta.
379 1010 458 1085 Quid
483 1011 608 1070 consilii
631 1013 751 1086 ceperit
774 1027 875 1071 senex
899 1015 941 1072 et·
954 1012 1113 1084 quomodo
1137 1010 1184 1070 illi
1207 1011 1336 1070 obviarn

159 1123 198 1182 iri
231 1124 337 1198 possit
366 1140 479 1184 secum
506 1125 661 1184 deliberat
683 1125 810 1198 Davus3
836 1128 870 1185 at
893 1127 1000 1187 subito
1024 1126 1154 1186 nomine
1177 1142 1212 1185 se
1236 1127 1275 1185 ab
1299 1141 1336 1185 eo

157 1219 271 1297 vocari
302 1238 400 1298 audit.
432 1238 472 1298 Et
505 1239 610 1314 „hem
643 1239 719 1312 quid
750 1240 820 1299 est”
853 1239 908 1299 ait.
940 1240 1085 1300 Annotat
1108 1242 1219 1299 autem
1242 1239 1337 1298 Scho-

157 1350 275 1410 liasta:
303 1352 423 1426 „Hem
446 1368 531 1411 nuno
554 1353 646 1425 quasi
671 1354 827 1426 correptio
850 1354 951 1413 totius
975 1354 1148 1428 corporis.”

203 1465 310 1524 Ecce
341 1466 368 1524 is
392 1467 584 1540 praesertim
609 1467 780 1542 exclamat,
807 1467 861 1539 qui
884 1468 980 1527 malis
1004 1469 1100 1540 atque
1124 1467 1338 1527 incommodis

158 1581 228 1639 iam
261 1583 411 1640 assuetus
443 1581 481 1639 de
504 1596 589 1640 nova
612 1582 798 1640 calamitate
822 1582 938 1656 accipit
960 1581 1121 1641 nuntium.
1146 1583 1236 1640 Adel.
1263 1583 1336 1641 722.

158 1694 310 1767 Nequam
341 1709 413 1753 esse
444 1695 682 1753 adolescentem
713 1695 823 1754 fratris
854 1695 946 1754 illum
978 1693 1090 1770 filium,
1123 1710 1220 1768 quem
1245 1695 1336 1768 adop·

159 1809 292 1883 taverit,
317 1823 509 1882 persuasum
533 1809 630 1868 habet
653 1809 763 1868 Micio:
785 1810 860 1882 quid
880 1810 967 1868 enim
988 1809 1041 1868 ille
1061 1825 1125 1868 non
1145 1808 1336 1882 designavit,

159 1924 303 1995 quantas
326 1923 414 1981 dedit
437 1923 558 1982 turbas.
583 1922 665 1996 Ergo
689 1923 788 1982 fratre
812 1923 859 1982 ita
882 1939 1012 1982 narrare
1032 1923 1222 1997 incipiente:

608 2037 688 2096 Fero
713 2036 776 2096 alia
798 2036 922 2110 flagitia
945 2052 964 2096 a
987 2038 1019 2095 te
1042 2036 1187 2111 ingentia

431 2151 512 2209 Boni
534 2149 621 2209 illius
646 2150 868 2226 adolescentia,

161 2263 272 2337 aptius
295 2262 375 2322 nihil
399 2263 601 2337 interponere
625 2264 732 2337 potest
755 2279 854 2336 quam
877 2264 955 2323 illud
978 2279 1071 2338 „ecce
1091 2266 1202 2323 autem
1221 2264 1337 2323 nova.”

160 2377 310 2436 Annotat
333 2377 529 2436 Scholiasta:
553 2376 675 2452 „Ecce
699 2378 855 2436 autem:
877 2377 958 2437 Ecce
977 2377 1094 2437 dicitur
1113 2392 1186 2436 curn
1207 2378 1339 2451 repente

160 2491 258 2550 triste
290 2490 409 2562 aliquid
440 2490 536 2548 rebus
567 2490 742 2549 intervenit
771 2490 876 2565 laetis
909 2492 966 2549 aut
993 2492 1079 2550 certe
1103 2492 1238 2565 quando,
1264 2507 1338 2550 cum

162 2605 252 2665 aliud
283 2605 398 2680 agitur,
428 2605 514 2664 aliud
538 2605 675 2678 emergit
698 2607 852 2664 novum.''
876 2606 982 2678 Atque
1006 2606 1108 2665 altera
1131 2605 1262 2677 quidem
1285 2620 1338 2663 an-

160 2719 341 2778 notationis
371 2720 478 2792 parte:
515 2720 605 2791 „aut
636 2721 751 2778 certe
783 2753 823 2760 -
856 2721 1027 2778 novum''
1064 2719 1212 2793 colorem,
1241 2733 1338 2791 quem

162 2832 271 2907 apud
302 2831 547 2891 Terentium
579 2833 635 2891 illa
664 2849 730 2892 vox
753 2833 871 2892 habere
894 2833 986 2908 solet,
1011 2833 1172 2892 describit.
1198 2833 1339 2891 Terentii

162 2948 252 3006 enim
283 2961 448 3020 personae,
477 2946 531 3019 qui
555 2961 593 3005 ea
615 2947 759 3022 utuntur,
784 2947 877 3005 vultu
900 2962 937 3006 ao
960 2962 1038 3005 voce
1062 2962 1097 3005 se
1120 2961 1203 3005 novo
1226 2945 1339 3004 nuntio

160 3060 345 3135 perturbari
364 3060 581 3119 dissimulant.
602 3061 672 3119 Hoc
691 3059 779 3119 enim
799 3075 910 3119 eorum
929 3061 1075 3119 maxime
1095 3061 1153 3134 est,
1175 3060 1230 3132 qui
1242 3075 1338 3132 saepe

161 3175 232 3234 iam
255 3175 294 3233 de
318 3174 476 3234 eiusmodi
499 3173 595 3233 malis
618 3173 696 3232 iacti
719 3174 785 3233 sint
809 3173 970 3232 certiores.

211 3288 415 3361 singularem
445 3286 543 3346 habet
573 3286 766 3346 vocabulum
798 3287 872 3346 eho
904 3289 1111 3346 venustatem
1143 3286 1176 3344 in
1206 3287 1338 3345 interro·

163 3402 295 3476 gatione
326 3401 479 3475 positum.
511 3401 555 3459 Eo
583 3400 670 3460 enim
695 3401 797 3459 utitur
820 3401 874 3473 qui
897 3417 976 3476 rern,
1002 3401 1039 3460 de
1064 3416 1126 3473 qua
1149 3400 1249 3474 rogat,
1275 3415 1340 3459 non

163 3515 264 3574 audet
294 3529 352 3574 suo
384 3514 514 3573 nomine
544 3529 676 3586 vocare;
709 3530 806 3586 quern
828 3514 930 3588 pudor
951 3511 1207 3586 verecundiaque
1231 3516 1340 3587 aperte

163 3627 253 3702 loqui
283 3628 406 3687 vetant.
440 3627 516 3686 Hoc.
543 3628 616 3688 267.
642 3627 792 3711 Lachetis
814 3625 873 3685 filii
895 3643 978 3686 uxor
1003 3628 1135 3687 absente
1158 3626 1276 3686 marito
1301 3627 1340 3685 ad

164 3743 308 3801 matrem
332 3741 482 3801 discessit
505 3741 610 3814 ibique
634 3741 751 3800 latitat.
777 3739 839 3800 Gur
861 3741 961 3800 iaciat
979 3741 1040 3799 hoc
1060 3743 1092 3800 et
1111 3755 1202 3799 socer
1222 3740 1291 3799 eius
1308 3740 1341 3798 et

164 3859 258 3931 pater
282 3857 440 3930 ignorant.
465 3856 526 3914 Hic
549 3858 659 3915 autem
684 3857 767 3929 apud
791 3857 883 3915 illurn
905 3872 941 3915 se
965 3855 1106 3914 defendit
1129 3855 1225 3925 atque
1249 3853 1282 3910 in
1305 3867 1340 3910 se

166 3971 296 4044 culpam
319 3970 442 4029 nullam
467 3985 538 4029 esse
563 3971 738 4029 asseverat.
766 3970 901 4043 „illam”
926 3970 972 4029 ait

636 4084 676 4143 ad
699 4099 758 4143 vos
781 4084 884 4144 redire
909 4085 1031 4158 studeo,

392 4199 425 4257 Si
447 4199 553 4258 facere
576 4198 700 4272 possim
723 4199 788 4258 ullo
812 4200 917 4258 modo

168 4311 252 4372 Turn
276 4327 368 4372 socer
391 4315 500 4386 rogat:

636 4425 722 4499 Quae
746 4440 798 4484 res
822 4427 853 4484 te
877 4424 909 4483 id
932 4424 1037 4484 facere
1060 4421 1230 4496 prohibet?

392 4538 469 4613 Eho,
495 4539 651 4610 numquid
675 4554 752 4597 narn
776 4540 907 4598 accusat
930 4537 1061 4596 virum?
