3254 5274
805 676 823 734 6

270 868 311 926 65
336 865 522 939 Legendum
545 863 627 922 mihi
650 863 770 922 videri:
828 929 829 934 ἵ

313 980 421 1054 Egone
437 979 529 1038 illam
546 992 627 1051 quae
642 977 744 1053 illum,
764 992 845 1050 quae
861 992 914 1036 me
931 993 1003 1053 non,
1022 993 1103 1051 quae
1114 1024 1119 1038 .
1132 1024 1156 1038 ..
1174 979 1244 1039 sine
1260 981 1356 1040 modo

225 1095 293 1154 iam
324 1093 391 1152 dixi
422 1092 456 1151 in
487 1093 697 1164 Mnemosyne
728 1091 801 1160 (vol.
833 1091 896 1150 XX
926 1107 955 1165 p.
992 1092 1074 1162 1671.
1108 1091 1211 1167 Quam
1234 1092 1333 1153 durus
1358 1093 1401 1153 sit

190 1205 192 1210 '
226 1208 379 1282 vulgatus
409 1207 582 1267 verborum
613 1206 688 1264 ordo
720 1220 816 1264 nemo
847 1205 1054 1286 Lachmanno
1087 1205 1204 1268 clarius
1234 1207 1398 1282 indicavit,

227 1324 280 1398 qui
312 1323 352 1382 ad
383 1320 586 1395 Propertium
617 1319 652 1394 (1,
686 1319 715 1394 2,
750 1320 801 1388 25)
834 1319 881 1378 sic
910 1319 1125 1393 supplendum
1153 1335 1225 1380 esse
1248 1322 1399 1380 annotat:

123 1443 126 1450 ’
230 1452 349 1513 „egone
373 1436 464 1495 illam
488 1435 633 1509 (adeam),
660 1448 741 1506 quae
765 1432 857 1491 illum
882 1433 1032 1509 (recepit),
1058 1449 1140 1506 quae
1163 1451 1217 1494 me
1237 1450 1318 1508 quae
1337 1450 1401 1494 non

228 1551 305 1624 (pati
328 1549 438 1620 facit)’'
463 1549 509 1608 ita
531 1550 570 1608 ut
592 1547 648 1606 1111
672 1561 775 1621 quae
798 1562 878 1606 non
901 1546 1021 1607 Graeco
1045 1547 1074 1606 τί
1095 1545 1218 1608 adsint
1240 1549 1377 1609 similia!

273 1665 314 1724 68
339 1679 385 1737 sq.
433 1663 505 1722 Iure
540 1661 574 1720 hi
604 1676 719 1721 versus
751 1660 999 1720 admirationem
1036 1664 1187 1722 movent:
1219 1679 1284 1723 non
1315 1664 1402 1724 enim
1509 1723 1514 1732 ,

184 1807 188 1814 ·
227 1779 377 1854 poterant
399 1777 535 1852 lepidius
558 1775 739 1836 meretricis
762 1775 935 1849 perstringi
959 1777 1046 1836 artes
1072 1776 1281 1853 fallaciaeque
1305 1793 1402 1852 quam
1477 1763 1479 1768 ’

227 1895 280 1954 hic
302 1894 461 1954 Parmeno
484 1892 578 1951 facit:

385 2005 475 2065 Haec
497 2005 596 2064 verba
619 2004 674 2064 1111
697 2019 762 2063 una
784 2019 838 2063 me
861 2003 968 2064 hercle
994 2004 1078 2064 11111
1100 2005 1269 2065 lacrimula

386 2120 489 2195 Quam
513 2119 622 2178 oculos
645 2118 777 2177 terendo
800 2118 919 2178 misere
942 2118 1001 2177 vix
1023 2117 1057 2177 vi
1081 2119 1277 2194 expresserit

384 2228 585 2308 Restinguet.
938 2215 940 2220 ’

231 2351 319 2426 Quod
339 2351 450 2409 autem
470 2347 635 2421 Bentlejus
654 2347 821 2421 proposuit
839 2347 997 2407 misera
1015 2364 1071 2421 pro
1091 2348 1246 2408 misere
1266 2348 1402 2409 minime

231 2465 429 2539 probandum
460 2463 597 2521 videtur.
629 2461 763 2535 Egregie
795 2461 883 2521 enim
914 2461 968 2521 illo
999 2462 1155 2521 misere
1187 2465 1322 2536 augetur
1352 2463 1403 2522 vis

231 2578 378 2638 vocabuli
401 2577 482 2636 vix.

645 2949 754 3009 Aeros
778 2949 802 3008 I.
829 2948 937 3008 Suana
962 2949 990 3007 2.

232 3156 235 3161 “
278 3149 444 3209 stantibus
476 3149 655 3208 etiamdum
686 3151 761 3208 ante
792 3148 923 3207 Thaidis
950 3148 1071 3207 ostium
1094 3148 1252 3207 Phaedria
1276 3149 1308 3207 et
1331 3149 1403 3207 Par·

231 3279 378 3339 menone,
404 3265 436 3323 et
459 3264 518 3323 hoc
543 3263 665 3337 optima
689 3279 832 3337 quaeque
851 3264 1014 3338 monente,
1035 3263 1090 3322 iilo
1110 3249 1165 3321 vei
1183 3261 1332 3321 audiente
1352 3260 1405 3320 vel

231 3395 295 3444 nou
327 3377 485 3462 audiente,
518 3379 588 3452 ipsa
619 3355 730 3438 Thais
747 3378 861 3454 prodit,
895 3393 1007 3438 secum
1037 3378 1195 3451 loquendo
1219 3375 1405 3451 significans

232 3508 329 3567 quam
359 3493 487 3551 metuat
517 3507 558 3550 ne
588 3491 674 3552 iusto
703 3492 835 3566 gravius
865 3493 948 3552 ferat
978 3490 1136 3551 Phaedria
1163 3492 1245 3565 quod
1268 3490 1338 3550 heri
1362 3490 1406 3550 sit

232 3607 393 3666 exclusus.
425 3605 593 3664 Reverane
624 3620 765 3664 secum
796 3606 876 3664 haec
906 3605 1056 3680 loquitur,
1089 3605 1218 3664 anullo
1242 3621 1277 3664 se
1302 3603 1404 3664 audiri

231 3722 311 3795 rata,
344 3734 499 3779 reverane
530 3718 635 3778 solam
665 3735 700 3778 se
732 3734 804 3778 esse
834 3720 936 3794 putat,
969 3735 1011 3778 an
1038 3693 1405 3778 ι111111111111111111

231 3835 320 3894 11111
351 3834 545 3893 Phaedriam
569 3836 601 3893 et
624 3835 884 3894 Parmenonem?
908 3834 1060 3894 Veterem
1084 3833 1295 3893 scholiastam
1318 3832 1403 3893 audi-

231 3963 335 4008 amus,
368 3947 421 4026 ,Ad
455 3963 503 4007 11.
537 3949 588 4023 85,
621 3947 675 4007 ubi
706 3948 804 4008 Thais
834 3946 1045 4009 Parmenonis
1075 3963 1154 4007 voce
1185 3947 1296 4006 audita
1325 3948 1405 4007 haec

231 4062 324 4122 dicit:
353 4061 444 4137 ,¹‚quis
467 4062 520 4121 hic
542 4061 727 4135 loquitur?'’
752 4062 806 4122 ille
831 4063 982 4122 annotat:
1009 4077 1094 4137 „non
1116 4061 1265 4135 imperite
1289 4059 1403 4120 intelli-

231 4179 320 4252 gunt,
346 4177 399 4250 qui
424 4176 617 4236 existimant
635 4176 842 4236 meretricem
862 4175 962 4236 etiam
981 4176 1042 4236 hoc
1062 4175 1217 4234 simulare
1237 4174 1320 4247 quod
1340 4190 1404 4234 non

230 4291 425 4366 praeviderit
448 4291 650 4350 Phaedriam.
675 4291 760 4350 Nam
784 4293 817 4350 et
840 4305 995 4365 personae
1020 4291 1052 4348 et
1076 4289 1170 4349 dictis
1195 4287 1263 4348 eius
1288 4287 1403 4347 ceteris

232 4404 399 4466 convenit:
431 4407 464 4465 et
494 4407 572 4465 tunc
603 4406 697 4464 erunt
727 4403 869 4478 gratiosa
894 4404 924 4474 (i.
950 4420 976 4464 1.
1002 4404 1042 4462 ad
1065 4401 1241 4462 Phaedriae
1264 4401 1404 4475 gratiam

203 4503 207 4511 ¹
237 4519 430 4594 captandam
468 4519 553 4594 apta)
586 4518 703 4595 omnia,
737 4519 818 4592 tuae
845 4534 942 4593 supra
972 4517 1086 4576 dixit.''
1118 4515 1295 4576 Verissime
1325 4515 1406 4574 haec
