3234 5254
835 655 898 714 204

279 837 474 911 „Parasitice
493 841 600 900 totum
620 841 886 902 translationibus
905 842 1056 915 loquitur.
1078 841 1272 900 Huiusmodi
1293 841 1343 898 est
1363 839 1446 898 enim

275 951 328 1011 vis
357 952 612 1014 umbraticorum
639 955 818 1031 hominum,
851 954 996 1014 scurrilis
1018 954 1155 1014 .orati0.'’
1180 953 1327 1012 Primum
1351 967 1448 1026 prava

276 1065 338 1126 loci
372 1066 537 1127 distinctio
570 1069 648 1128 nata
682 1069 733 1127 est
767 1069 800 1127 et
832 1068 889 1128 illa
923 1067 1010 1127 istud
1041 1067 1107 1126 vis
1130 1065 1264 1141 peperit.
1289 1066 1446 1126 Emendo:

276 1179 448 1252 parasitica
477 1182 584 1240 totum
607 1182 874 1242 translationibus
897 1181 1038 1255 loquitur
1061 1180 1263 1254 huiusmodi;
1289 1183 1341 1240 est
1364 1181 1447 1240 enirn

276 1293 532 1353 umbraticorum
555 1294 726 1354 hominum
750 1295 895 1355 scurrilis
918 1294 1030 1354 oratio.
1093 1373 1094 1377 Ἰ

324 1407 374 1466 16.
399 1407 600 1468 Laudantem
624 1423 659 1468 se
682 1409 863 1483 parasitum
887 1408 1139 1482 interrogatione
1161 1408 1347 1482 interpellat
1371 1408 1448 1468 Geta

277 1535 401 1580 servus,
436 1522 620 1582 Annotatur
653 1522 714 1581 ibi:
753 1523 970 1597 „interrogare
1001 1522 1117 1582 dicitur
1148 1520 1336 1596 attingitur
1360 1521 1446 1597 Geta,

277 1634 314 1691 ut
335 1633 510 1707 parasitica
531 1636 753 1709 progrediatur
775 1635 910 1696 oratio.’'
935 1636 1029 1696 Nullo
1052 1636 1148 1695 modo
1171 1635 1341 1695 ferendum
1365 1635 1447 1695 istud

278 1746 438 1806 dicitur
468 1749 517 1808 et.
548 1748 667 1808 Veram
690 1749 864 1810 lectionem
886 1752 965 1824 puto
988 1764 1060 1810 esse
1084 1748 1281 1809 dicacem.
1306 1749 1340 1808 Si
1364 1749 1447 1808 enim

278 1858 464 1918 dicacem
495 1861 662 1920 hominem
684 1878 778 1937 porro
801 1863 888 1936 loqui
912 1863 1011 1938 cupis,
1036 1861 1283 1936 interrogandus
1306 1862 1366 1922 tibi
1390 1865 1446 1923 est.

323 1973 375 2031 21.
413 1974 527 2049 „Alere
561 1976 676 2036 nolunt
709 1977 875 2036 hominem
911 1977 1064 2036 edacem’'
1095 1975 1231 2049 parasiti
1252 1976 1353 2035 verba
1375 1978 1449 2035 sunt

278 2087 471 2161 explicantis
501 2103 558 2147 cur
588 2104 607 2148 a
630 2090 841 2150 creditoribus
861 2091 895 2149 in
918 2089 969 2150 ius
992 2101 1057 2150 non
1081 2089 1225 2149 ducatur.
1249 2088 1448 2150 Annotatur:

280 2199 361 2274 „hoc
393 2201 441 2260 sic
473 2204 757 2279 pronuntiandum,
793 2205 830 2263 ut
863 2204 968 2263 facete
1001 2204 1109 2262 totum
1139 2202 1288 2261 videatur
1312 2202 1448 2278 illatum,

278 2315 404 2388 quando
439 2317 610 2378 obaeratus
645 2318 689 2378 sit
718 2318 778 2378 sub
808 2318 994 2379 huiusmodi
1016 2331 1136 2392 poena:
1160 2331 1220 2376 nec
1243 2316 1390 2377 accusari
1413 2317 1449 2376 ab

278 2429 385 2503 aliquo
415 2446 451 2491 se
481 2432 626 2506 queritur
656 2448 759 2507 neque
790 2433 969 2494 damnari.’'
1002 2433 1204 2492 Sententiam
1232 2432 1347 2492 scholii
1369 2434 1451 2494 hanc

279 2559 350 2604 esse
385 2545 513 2619 opinor:
552 2547 703 2621 „ridicule
734 2547 787 2606 hic
817 2547 914 2606 homo
942 2546 1113 2606 obaeratus
1137 2545 1285 2604 flebiliter
1308 2547 1451 2619 queritur

277 2658 362 2730 quod
384 2674 551 2732 nunquam
575 2662 744 2720 accusetur
763 2676 867 2734 neque
887 2660 1090 2719 damnetur.”
1111 2659 1194 2732 argo
1213 2675 1270 2732 pro
1290 2661 1450 2732 quando

277 2771 449 2845 legendum
472 2774 550 2846 puto
574 2774 679 2847 quod
704 2777 810 2848 (saepe
834 2773 923 2834 enirn
947 2774 979 2832 in
1002 2773 1135 2834 scholiis
1154 2774 1260 2846 quod
1280 2788 1355 2832 curn
1374 2773 1449 2833 indi-

278 2884 385 2945 cativo
414 2885 467 2946 vel
498 2887 703 2947 coniunctivo
733 2903 789 2962 pro
821 2888 1007 2948 accusativo
1031 2902 1106 2947 cum
1130 2885 1289 2946 infinitivo
1312 2886 1449 2961 ponitur)

278 3000 311 3058 et
334 2999 505 3059 delendum
529 3016 572 3060 se
594 3002 799 3074 queritur.

323 3227 363 3301 II,
385 3228 415 3302 3,
432 3229 459 3286 1.
474 3227 631 3302 Demipho
645 3229 819 3290 advocatos
831 3229 1023 3302 quibuscum
1036 3229 1069 3287 in
1081 3242 1215 3288 scenam
1226 3226 1333 3301 prodit
1343 3229 1451 3302 rogat:

510 3341 559 3400 En
582 3358 726 3416 unquam
750 3343 901 3416 cuiquam
922 3341 1187 3402 contumeliosius
1370 3418 1373 3426 ι

510 3455 657 3516 Audistis
676 3456 798 3516 iactam
818 3455 971 3515 iniuriam
991 3471 1090 3528 quam
1109 3456 1189 3515 haec
1210 3456 1260 3514 est
1271 3453 1363 3513 mihi.

277 3566 477 3626 Annotatur:
516 3568 601 3643 „iam
635 3569 786 3629 instructi
813 3571 898 3652 ,sunt
932 3569 1079 3629 advocati
1115 3570 1147 3629 et
1178 3570 1274 3627 recte.
1306 3567 1452 3641 Longum

279 3680 366 3740 enirn
396 3681 502 3740 iuerat
533 3684 643 3742 omnia
673 3683 753 3742 haec
775 3685 849 3756 post
873 3697 1005 3742 scenam
1029 3683 1128 3755 geri.”
1154 3682 1260 3740 Immo
1283 3695 1360 3740 vero
1384 3696 1453 3755 per

278 3810 457 3854 scenam.
494 3795 583 3870 Quod
618 3797 705 3855 enim
735 3796 834 3858 toties
864 3794 902 3855 iit
924 3796 1008 3870 apud
1032 3795 1228 3870 Terentium,
1253 3795 1306 3854 hic
1328 3809 1453 3868 quoque

279 3909 396 3984 evenit,
428 3911 465 3969 ut
496 3925 513 3968 θ
543 3910 772 3984 prodeuntium
801 3910 916 3984 primis
945 3909 1054 3969 verbis
1085 3910 1239 3984 appareat
1268 3911 1366 3968 antea
1388 3909 1453 3967 iam

278 4023 384 4082 multa
407 4039 462 4083 eos
486 4024 571 4083 inter
593 4039 628 4082 se
653 4023 836 4084 collocutos.
858 4024 947 4083 Haec
967 4038 1042 4096 ergo
1061 4025 1156 4097 post
1179 4038 1349 4082 scenam
1369 4021 1454 4082 dicta

278 4135 452 4212 imguntur,
477 4137 553 4210 quia
576 4135 695 4210 alioqui
718 4137 817 4196 nimis
840 4138 936 4210 longa
955 4134 1070 4196 flerent
1089 4151 1172 4209 quae
1191 4151 1262 4210 per
1285 4150 1453 4195 scenam

279 4252 418 4322 aguntur
441 4250 662 4323 dicunturque.

327 4363 376 4422 13.
401 4363 517 4423 Paucis
539 4363 675 4438 parasiti
709 4364 816 4423 verbis
840 4363 959 4423 auditis
981 4363 1141 4437 Demipho
1165 4363 1346 4422 exclamat:

406 4476 430 4535 O
455 4477 641 4536 audaciam!
668 4477 768 4536 etiam
791 4492 845 4536 me
868 4477 952 4536 ultro
977 4478 1166 4537 accusatum
1190 4477 1331 4536 advenit.
