3230 5260
711 659 752 718 83

189 845 247 904 Est
271 860 345 919 ergo
373 878 409 885 -
435 846 496 906 hoc
519 846 601 905 mihi
624 847 699 906 ante
723 845 833 906 omnia
856 846 1035 921 dicendum,
1057 847 1118 906 hoc
1137 862 1265 922 semper
1285 849 1318 907 et

146 958 262 1032 ubique
295 959 472 1019 tenendum
496 991 539 1000 -—
562 959 612 1018 vir
642 959 751 1018 artis
782 959 979 1019 scenicae
1014 962 1047 1019 et
1070 961 1317 1022 amantissimus

146 1073 178 1130 et
211 1072 446 1146 peritissimus:
483 1071 636 1144 quidquid
670 1071 749 1130 dicit
783 1072 926 1147 docetve,
962 1073 1054 1132 illam
1084 1074 1189 1132 artem
1220 1074 1318 1134 habet

145 1187 220 1244 ante
255 1186 374 1246 oculos.
407 1186 529 1246 Verum
552 1185 653 1245 fuisse
677 1184 835 1248 artificem
858 1186 1056 1262 Terentium,
1081 1186 1136 1260 qui
1159 1190 1317 1262 specta-

145 1299 285 1358 torum
319 1298 446 1360 animos
482 1314 688 1358 commovere
723 1300 820 1373 atque
852 1300 995 1360 detinere
1026 1300 1152 1374 egregie
1176 1300 1316 1377 calleret,

146 1411 408 1472 annotationibus
431 1413 500 1472 suis
524 1413 747 1474 demonstrare
771 1413 889 1473 studet.
915 1413 1060 1487 cumque
1083 1411 1242 1474 artificem
1261 1415 1318 1473 vix

146 1524 207 1582 dici
241 1540 346 1601 posse,
383 1526 438 1599 qui
471 1525 626 1585 servilem
661 1527 695 1587 in
724 1527 858 1586 modum
882 1527 983 1588 alium
1006 1528 1051 1586 sit
1073 1527 1232 1603 imitatus,
1257 1528 1319 1587 sibi

145 1637 264 1698 habeat
286 1639 583 1715 persuasissimum,
608 1639 684 1699 huic
706 1639 754 1699 rei
775 1640 919 1714 primum
942 1640 998 1700 dat
1018 1655 1149 1713 operam
1169 1642 1206 1699 ut
1225 1655 1318 1715 appa-

145 1753 215 1810 reat
237 1751 292 1810 ubi
315 1768 335 1812 a
357 1753 530 1813 Menandro
556 1785 594 1793 -
621 1756 654 1813 et
676 1753 888 1812 Menandrum
911 1768 986 1812 cum
1009 1753 1141 1813 nomino
1161 1754 1260 1813 simul
1280 1754 1319 1813 de

145 1865 337 1939 Apollodoro
371 1881 425 1925 me
460 1867 601 1940 cogitare
635 1867 736 1927 lector
766 1867 915 1926 sciat-
939 1866 1108 1927 Terentius
1140 1867 1316 1944 deflexerit,
1354 1897 1358 1904 -

145 1993 305 2051 quasnam
328 1980 470 2053 exempli
490 1980 541 2039 sui
559 1982 669 2054 partes
688 1980 874 2056 mutaverit,
889 1981 964 2054 quid
976 1982 1112 2056 propriis
1125 1982 1318 2055 quibusdam

146 2093 352 2152 exornaverit
383 2093 551 2152 coloribus.
584 2093 708 2153 Paucos
738 2092 841 2164 locos
857 2094 912 2166 qui
935 2094 998 2153 huc
1021 2094 1143 2154 iaciant
1165 2093 1317 2169 afferam;

144 2222 273 2282 paucos,
299 2207 359 2282 aio,
383 2221 462 2265 nam
488 2207 593 2266 multo
616 2207 698 2264 mihi
721 2207 826 2266 maior
847 2222 922 2281 pars
945 2208 1141 2267 reservanda
1164 2211 1215 2268 est
1234 2210 1319 2268 unde

145 2321 308 2395 integrum
343 2321 382 2380 de
416 2320 557 2379 Terentii
588 2319 774 2379 inventione
805 2322 901 2394 caput
933 2335 1134 2394 componam.
1159 2321 1220 2380 Hic
1244 2338 1318 2398 ergo

146 2435 227 2494 duas
260 2449 438 2510 proponam
467 2449 520 2493 res
551 2434 584 2492 111
615 2433 739 2509 quibus,
765 2449 784 2492 a
808 2433 989 2493 Scholiasta
1012 2434 1178 2511 admoniti,
1204 2435 1318 2505 Teren·

145 2548 270 2606 tianam
301 2550 406 2607 artem
438 2563 457 2606 a
487 2547 681 2606 Menandrea
710 2545 838 2606 differre
861 2547 1021 2606 sciamus:
1047 2547 1205 2610 eiusmodi
1230 2549 1317 2610 enim

144 2660 219 2719 illae
242 2663 319 2720 sunt
342 2663 379 2720 ut
402 2660 472 2719 sine
495 2659 597 2720 totius
621 2659 804 2734 argumenti
823 2659 1018 2720 detrimento
1038 2661 1214 2744 separatim
1234 2663 1315 2722 trac·

144 2773 207 2833 tari
230 2774 365 2848 possint.

189 2883 230 2950 l.
254 2886 423 2947 Terentius
447 2886 557 2946 sedulo
580 2887 637 2946 dat
660 2901 791 2960 operam
814 2887 903 2946 utin
923 2887 1097 2947 comoediis
1118 2887 1186 2947 suis
1206 2890 1316 2970 omnia

144 3001 211 3060 sint
233 3016 332 3074 quam
354 3000 581 3076 urbanissimo,
605 2999 783 3075 lenissima,
804 3000 990 3060 mitissima.
1011 2999 1089 3058 Duri
1108 3001 1216 3060 inesse
1236 3001 1317 3077 nihil
1413 2993 1416 3002 “

144 3116 275 3190 patitur,
296 3115 376 3174 nihil
397 3116 534 3189 agreste,
556 3114 637 3173 nihil
657 3113 793 3189 crudele,
814 3115 894 3176 nihil
908 3114 1052 3190 denique,
1066 3116 1104 3173 ut
1116 3114 1316 3175 scholiastae

144 3229 218 3289 utar
236 3227 353 3304 verbis
375 3227 520 3306 τραγικόν.
541 3227 613 3286 Huc
632 3228 758 3300 spectat
778 3226 943 3286 annotatio
964 3226 1117 3290 adAndr.
1133 3228 1317 3296 606111161-

145 3340 215 3416 ligit
237 3341 347 3401 Davus
371 3356 485 3400 servus
508 3356 544 3400 se
568 3340 697 3400 astutiis
721 3340 789 3400 suis
813 3343 846 3399 61
869 3342 974 3399 semet
998 3340 1105 3414 ipsum
1129 3342 1162 3400 et
1181 3341 1317 3402 herilem

144 3452 247 3513 fihum
271 3455 465 3528 perdidisse;
487 3455 718 3516 adventantem
738 3454 805 3514 iam
824 3455 913 3513 videt
932 3469 1044 3514 senem
1065 3455 1116 3525 cui
1135 3456 1179 3514 sit
1198 3463 1319 3530 poenas

145 3568 279 3628 daturus
303 3569 351 3627 et:
380 3568 521 3642 „occidi”
546 3567 592 3628 ait

191 3680 347 3755 ,Utinam
355 3681 436 3738 mihi
445 3682 532 3740 esset
541 3678 660 3753 aliquid
669 3679 722 3739 hic
730 3695 792 3753 quo
800 3696 886 3740 nunc
894 3696 947 3739 me
955 3681 1165 3754 praecipitem
1174 3682 1317 3741 darem.'’

145 3792 289 3852 Annotat
327 3793 524 3852 Scholiasta:
563 3793 652 3867 ,Non
683 3793 766 3852 dixit
800 3793 986 3866 gladium
1022 3795 1078 3852 aut
1112 3794 1316 3868 laqueum,

146 3921 185 3965 ne
205 3910 293 3966 esset
312 3907 481 3982 tragicum.
502 3906 584 3980 Ergo
605 3906 766 3979 expressit
784 3906 865 3965 bene
886 3906 1013 3966 dicens:
1033 3906 1334 3981 praecipitem

146 4019 317 4080 darem.”
353 4021 404 4079 Ita
438 4021 505 4079 est:
542 4020 664 4078 comico
692 4021 725 4078 et
748 4019 858 4077 servili
882 4019 967 4078 dicto
990 4034 1070 4093 opus
1093 4019 1146 4078 hic
1169 4021 1228 4094 est,
1254 4035 1318 4079 non

145 4135 268 4208 tragica
297 4135 439 4208 tragicae
470 4133 696 4207 disperationis
726 4131 970 4205 significatione.
996 4131 1182 4191 correctum
1206 4135 1316 4192 autem

146 4247 197 4306 hic
220 4264 239 4307 a
263 4247 411 4307 Terentio
435 4248 646 4306 Menandrum
669 4261 733 4304 non
757 4248 882 4306 certum
906 4246 1036 4318 quidem
1060 4248 1110 4304 est
1130 4247 1186 4304 sed
1207 4247 1316 4306 verisi-

146 4361 222 4420 mile
246 4360 283 4421 fit
306 4362 346 4420 iis
369 4375 451 4434 quae
474 4360 671 4421 annotantur
694 4359 750 4417 ad:

189 4475 248 4534 Ad.
285 4474 325 4549 H,
358 4475 432 4532 275.
464 4472 615 4546 Ctesipho
643 4486 752 4531 amore
776 4473 962 4545 peregrinae
985 4471 1110 4546 puellae
1134 4471 1234 4548 ardet,
1259 4474 1315 4531 sed
