3234 5254
844 670 906 727 208

332 856 383 914 82.
420 856 627 916 Lacrimis
663 855 981 924 exstillaveris]
1025 854 1219 929 „stillare
1260 856 1311 913 est
1349 856 1457 928 guttas

286 969 435 1029 emittere
484 986 526 1029 ox
575 986 713 1046 corpore,
765 970 931 1030 exstillare
981 969 1088 1043 ipsum
1139 983 1254 1042 corpus
1304 968 1458 1042 guttatim

189 1103 191 1108 ·
285 1079 402 1141 finiri.’'
445 1083 605 1143 Ultimam
643 1100 757 1144 vocem
792 1085 976 1158 corruptam
1012 1096 1136 1142 censeo.
1173 1081 1250 1156 Quis
1285 1083 1373 1140 enim
1408 1082 1458 1139 hio

285 1197 459 1269 passivo
482 1198 596 1257 loeus?

328 1423 365 1499 V,
388 1426 418 1499 8,
440 1425 491 1483 27.
513 1424 719 1484 Chremetem
739 1425 822 1499 apud
843 1440 978 1484 uxorem
995 1425 1063 1483 eius
1077 1423 1220 1483 defendit
1232 1422 1400 1497 Demipho.
1414 1421 1458 1481 De

285 1537 354 1596 eius
378 1539 521 1598 oratione
546 1541 578 1598 et
601 1539 664 1598 alia
684 1542 880 1599 annotantur
901 1541 933 1598 et
952 1540 1048 1598 haec:
1073 1540 1125 1612 „et
1146 1538 1309 1611 epilogum
1331 1534 1389 1595 ἀπὸ
1408 1543 1458 1613 τῆς

285 1648 402 1721 εὐνοίας
433 1659 484 1727 τῆς
512 1649 656 1729 ἐκβάσεως
683 1653 768 1727 feeit,
794 1653 972 1712 admonens
996 1653 1086 1711 iilam
1110 1651 1248 1711 oratorie
1271 1653 1455 1710 mansuetu-

285 1764 368 1824 dinis
389 1767 498 1826 suae.”
519 1768 603 1841 Lege
624 1765 682 1826 ἀπὸ
703 1775 753 1844 τῆς
774 1766 892 1838 εὐνοίας
913 1764 1024 1842 καὶτῆς
1037 1766 1228 1843 συμβάσεως;
1246 1768 1456 1841 „argumenta

284 1878 399 1950 quibus
422 1880 537 1939 nititur
558 1882 651 1940 sunt:
676 1881 901 1941 benevolentia
925 1883 957 1940 et
981 1881 1104 1954 gratiae
1128 1880 1379 1940 reconciliatio.’'

329 1993 381 2051 59.
409 1993 476 2068 „Tu
498 1995 592 2053 tuum
612 2009 731 2053 nomen
750 1994 821 2053 dio''
842 1995 939 2054 verba
960 1997 1037 2053 sunt
1056 1993 1280 2053 Nausistratae
1301 1993 1341 2052 ad
1361 1993 1454 2052 Phor-

284 2105 437 2165 mionem.
473 2103 672 2166 Annotatur:
712 2108 811 2181 „bene
845 2109 889 2167 tu
923 2107 1112 2181 pronomine
1143 2106 1255 2182 utitur,
1288 2105 1364 2178 quia
1394 2121 1456 2165 non

284 2220 382 2279 habet
411 2235 539 2280 nomen.
571 2220 656 2279 Num
680 2236 799 2280 nomen
822 2237 886 2281 non
909 2221 1036 2281 habet
1059 2220 1236 2280 Phormio?
1259 2221 1343 2295 Lege
1368 2235 1454 2278 non-

285 2334 376 2393 dum
399 2337 483 2394 soit
507 2339 561 2404 (so.
586 2335 802 2406 Nausistrata)
826 2352 882 2409 pro
906 2350 985 2394 non
1009 2335 1145 2394 habet.
