3230 5260
708 672 769 730 145

154 861 194 920 de
224 859 355 919 homine
385 859 442 918 sed
468 860 636 930 tamquam
661 857 699 915 de
722 857 842 930 pecude
865 856 961 930 loqui,
986 869 1068 928 quae
1092 855 1269 914 calcaribus
1293 857 1326 914 et

153 973 342 1032 verberibus
372 973 415 1030 sit
446 970 656 1045 admonenda,
688 969 941 1043 prudentissima
964 970 1015 1028 est
1040 968 1197 1044 „Donati”
1221 968 1325 1027 obser·

154 1087 254 1161 vatio,
280 1086 336 1144 sed
359 1085 450 1144 illam
474 1085 710 1144 commentator
728 1083 968 1156 philosophicus
987 1084 1057 1142 tam
1075 1080 1172 1155 longa
1190 1081 1328 1142 involvit

155 1200 195 1258 de
218 1199 368 1258 sensibus
391 1199 616 1273 disputatione,
641 1199 679 1256 ut
701 1197 767 1256 fere
789 1198 859 1256 tota
881 1197 992 1256 lateat.

204 1314 253 1372 15.
277 1313 416 1372 Auditur
439 1313 648 1386 parturientis
672 1311 811 1384 Glycerii
834 1310 982 1369 eiulatio:

333 1427 413 1485 Iuno
437 1425 566 1500 Lucina,
591 1425 639 1484 fer
663 1425 772 1497 opem!
798 1439 893 1482 serva
915 1438 969 1482 me
993 1422 1133 1482 obsecre.

155 1539 357 1598 Annotatur:
382 1553 507 1604 serva
529 1553 590 1596 me
614 1538 801 1606 obsecro]
829 1536 918 1610 „Hoc
941 1537 1035 1595 extra
1054 1537 1154 1595 etiam
1174 1536 1257 1594 hano
1276 1550 1327 1608 po·

155 1653 311 1711 testatem
342 1651 457 1711 Iunoni
488 1650 705 1710 attribuitur.'’
736 1649 842 1709 Verba
872 1664 970 1709 sensu
997 1664 1090 1708 cassa
1112 1649 1198 1708 haud
1221 1648 1328 1722 inopte

157 1764 310 1824 emendes
332 1780 389 1838 pro
413 1763 542 1823 etiam
573 1763 678 1822 hanc
700 1762 834 1836 legendo
859 1764 1054 1822 ceteram.

202 1879 253 1938 18.
279 1877 441 1936 Parturire
462 1891 497 1935 se
516 1875 636 1949 fingere
657 1875 842 1948 Glycerium
860 1875 942 1934 Davi
961 1876 1087 1934 monitu
1107 1890 1208 1933 senex
1227 1874 1327 1947 suspi-

158 1993 257 2049 catur.
289 1990 409 2048 Laetus
440 2004 524 2064 ergo,
549 1989 633 2062 quod
656 1989 742 2048 hunc
764 1988 874 2048 dolum
898 1989 930 2046 in
953 1990 1099 2062 tempore
1122 1987 1327 2062 intellexerit,

159 2102 287 2164 Davum
311 2102 447 2161 ludibrio
471 2102 641 2161 habetet:

688 2215 759 2274 Non
782 2219 834 2276 sat
858 2216 1026 2275 commode

335 2329 447 2388 Divisa
469 2331 546 2388 sunt
568 2329 767 2402 temporibus
791 2328 859 2403 tibi,
883 2328 980 2403 Dave,
1005 2329 1094 2387 haec.

159 2443 201 2501 At
225 2442 288 2517 ille,
313 2441 370 2500 vix
392 2442 491 2501 verba
514 2442 584 2500 eius
607 2442 740 2501 audiens
763 2441 920 2501 mihin?
943 2444 1044 2513 rogat.
1126 2455 1127 2462 ¹

203 2555 254 2614 Ad
286 2570 385 2628 quam
407 2570 522 2614 vocem
546 2557 736 2614 annotatur:
763 2554 896 2629 „Adhuc
918 2555 1028 2614 Davus
1051 2570 1116 2614 non
1138 2555 1273 2629 percipit
1300 2557 1332 2614 et

159 2671 239 2729 bene
262 2669 362 2742 ¹quasi
393 2669 487 2744 dicat,
521 2684 595 2727 cum
625 2668 679 2727 illc
701 2668 851 2741 loquatur
874 2668 948 2728 illae
972 2670 1101 2742 agant.'’
1127 2669 1276 2728 Scholion
1300 2670 1332 2727 et

161 2785 346 2856 corruptum
380 2784 413 2841 et
442 2781 605 2841 mutilum.
639 2781 724 2841 Olim
754 2782 815 2842 hoc
844 2783 911 2841 fere
942 2783 1098 2855 scriptum
1129 2782 1207 2841 fuit:
1238 2782 1331 2855 quasi

161 2895 260 2955 dicat:
288 2901 383 2969 „cum
407 2894 460 2953 ille
483 2895 641 2970 loquatur,
666 2895 722 2954 illa
744 2897 821 2969 agat
840 2896 974 2966 (interea
992 2898 1107 2969 sponte
1126 2910 1238 2955 meum
1259 2910 1328 2954 con·

161 3008 270 3067 silium
292 3006 498 3082 perficitur).”
525 3008 584 3083 Qui
607 3010 694 3069 enim
718 3010 757 3070 de
780 3010 916 3070 alicuius
936 3010 982 3068 rei
1003 3009 1093 3069 exitu
1113 3024 1245 3068 securus
1270 3011 1329 3085 est,

162 3137 234 3182 oum
265 3122 304 3180 ab
336 3121 399 3181 alio
424 3121 657 3197 interpellatur,
683 3123 723 3182 ad
746 3123 839 3182 illum
862 3124 1009 3182 animum
1033 3138 1097 3182 non
1121 3122 1261 3182 advertit
1284 3138 1330 3182 se·

162 3249 298 3308 cumque
321 3235 458 3308 cogitat:
481 3235 630 3312 „loquere
649 3237 755 3313 modo,
776 3237 900 3296 interea
919 3235 955 3295 iit
975 3237 1059 3309 quod
1079 3251 1137 3310 ego
1149 3236 1331 3296 volebam.'’

203 3461 261 3538 111,
295 3460 324 3536 2,
357 3461 387 3519 2.
420 3460 518 3534 Signa
548 3475 620 3521 esse
651 3462 690 3521 ad
717 3462 868 3532 salutem]
896 3463 1007 3537 „deest
1029 3462 1254 3522 haerentia
1277 3464 1334 3522 aut

163 3573 459 3645 pertinentia.'’
483 3572 604 3633 Vocem
627 3574 852 3634 haerentia
876 3577 1059 3648 corruptam
1083 3591 1155 3636 esse
1178 3575 1332 3649 suspicor.

207 3687 246 3746 12
272 3701 340 3760 sqq.
365 3686 426 3745 His
448 3685 555 3746 verbis
579 3687 668 3747 Simo
691 3687 725 3747 in
747 3688 874 3747 Davum
898 3688 1078 3750 invehitur:

296 3800 320 3859 Ο
340 3800 438 3877 Dave,
460 3801 737 3888 itancontemnor
749 3801 875 3860 abste?
888 3802 944 3860 aut
956 3801 1044 3860 itane
1056 3803 1189 3862 tandem
1201 3801 1334 3860 idoneus

245 3997 246 4002 ἵ
295 3913 365 3972 'libi
384 3913 495 3972 videor
515 3929 595 3990 esse,
617 3929 714 3987 quem
733 3916 803 3973 tarn
823 3915 932 3988 aperte
952 3914 1062 3973 fallere
1082 3913 1217 3988 incipias
1229 3914 1334 3973 dolis?

295 4026 418 4085 Saltem
442 4029 600 4101 accurate,
625 4029 662 4086 ut
684 4027 788 4087 metui
810 4027 921 4086 videar
944 4029 1030 4086 certe
1054 4027 1082 4086 si
1106 4026 1302 4087 resciverim.

166 4138 213 4196 Ad
242 4141 284 4198 ut
314 4173 356 4180 —
387 4139 641 4199 resciverim
673 4142 862 4199 annotatur:
897 4142 1005 4215 „...et
1031 4142 1141 4207 utrum
1164 4155 1221 4213 pro
1246 4155 1350 4209 cum,

167 4252 416 4311 resciverim
444 4268 486 4312 an
505 4253 580 4325 quia
604 4252 742 4311 stultum
765 4269 819 4311 me
841 4253 982 4329 putas?’'
1007 4252 1125 4311 Scholii
1149 4254 1205 4310 aut
1227 4253 1336 4312 mutili

169 4366 221 4423 aut
242 4365 341 4424 nimis
365 4367 501 4425 coartati
520 4365 601 4424 haec
620 4367 670 4424 est
689 4366 868 4425 sententia:
894 4368 1022 4441 „utrum
1041 4365 1109 4424 vim
1122 4365 1336 4439 temporalem

170 4480 273 4548 (cum)
305 4478 403 4538 habet
433 4478 485 4555 si,
519 4493 559 4538 an
591 4493 629 4538 ea
652 4495 776 4551 quoque
800 4493 878 4538 voce
901 4478 1101 4552 significatur
1124 4494 1335 4553 permagnam

1203 4583 1230 4626 ro
