3234 5254
839 683 900 740 188

281 865 455 926 descendit.
488 867 525 925 In
555 868 749 927 Phormione
780 869 850 928 sed
875 868 972 942 quid
995 871 1038 928 tu
1063 886 1105 929 es
1128 870 1278 930 tristis
1301 872 1452 946 praelatis

172 1003 178 1016 =
281 979 405 1038 scilicet
439 980 685 1041 allocutionibus
720 985 753 1042 et
782 984 1007 1057 separatarum
1040 985 1073 1043 et
1095 985 1326 1057 permistarum
1350 1001 1451 1060 perso-

282 1110 406 1170 narum,
432 1110 472 1154 ne
494 1094 600 1154 ieiune
624 1097 664 1155 ad
688 1098 917 1170 argumentum
941 1096 1084 1172 veniens,
1109 1113 1173 1156 non
1197 1113 1292 1171 agere
1312 1099 1452 1158 fabulam

282 1210 338 1268 sed
369 1225 499 1268 narrare
528 1209 723 1269 videretur.’'
756 1210 952 1285 Corruptane
983 1211 1062 1271 haec
1090 1227 1131 1270 an
1154 1211 1367 1286 praelatis
1389 1213 1452 1271 fere

282 1323 738 1397 estpraecedentibus?
775 1405 776 1410 ἵ
983 1323 985 1328 “

327 1436 376 1495 Ad
399 1452 447 1496 vs.
474 1437 532 1496 26:
580 1437 694 1512 Habet,
720 1439 776 1514 sed
799 1437 913 1497 firmae
936 1439 997 1497 hae
1023 1454 1134 1499 vereor
1156 1441 1191 1499 ut
1216 1439 1283 1498 sint
1302 1440 1430 1514 nuptiae

283 1551 472 1609 annotatur:
518 1551 759 1625 „animadverte
794 1552 981 1612 Terentium
1016 1553 1049 1612 in
1083 1553 1204 1627 nuptiis
1239 1553 1300 1613 hoc
1334 1554 1450 1612 dictum

283 1678 421 1738 servare,
458 1665 569 1723 utrum
603 1663 715 1723 firmas
750 1681 791 1724 an
825 1664 972 1724 infirmas
1007 1666 1093 1725 dicat
1127 1667 1289 1740 nuptias.”
1323 1666 1450 1740 Egregie

283 1777 529 1837 Westerhovius
552 1793 608 1851 pro
632 1778 791 1837 dictum
816 1778 952 1838 coniecit
975 1779 1153 1838 dubium.

328 1891 380 1950 40.
483 1891 624 1950 Amabat
647 1894 683 1950 ut
707 1907 781 1952 oum
805 1891 949 1951 maxime
973 1894 1044 1951 tum
1068 1893 1266 1968 Pamphilus.

284 2007 374 2065 Son:
410 2008 472 2080 „ut
502 2007 645 2080 positum
676 2023 732 2082 pro
757 2007 1111 2080 quemadmodum.
1137 2007 1176 2065 ut
1199 2007 1382 2066 maxime
1405 2007 1450 2066 bis

283 2137 417 2180 numero
442 2122 662 2181 subauditur.''
687 2123 792 2181 Immo
816 2137 892 2181 uero
916 2123 1084 2181 amabat
1106 2123 1155 2182 bis
1178 2124 1379 2183 subauditur.

329 2236 480 2308 Sequitur
503 2236 586 2310 apud
610 2238 756 2310 poetam:

418 2349 522 2424 Quum
546 2352 646 2426 pater,
671 2367 807 2410 uxorem
831 2353 867 2410 ut
891 2352 995 2426 ducat,
1021 2367 1112 2411 orare
1135 2351 1267 2426 occipit:

417 2464 458 2523 ut
480 2465 569 2539 haec,
596 2465 782 2524 communia
805 2465 952 2524 omnium
976 2480 1057 2538 quae
1081 2467 1157 2524 sunt
1175 2467 1315 2541 patrum,

419 2579 495 2638 Sese
518 2593 631 2638 senem
656 2594 727 2638 esse
751 2579 872 2639 dicere:
898 2579 990 2639 illum
1014 2580 1124 2638 autern
1143 2579 1293 2639 unicum:

418 2692 619 2752 Praesidium
642 2693 725 2752 velle
749 2708 784 2752 se
807 2682 967 2754 senectuti
990 2709 1078 2752 suae.

286 2807 407 2866 Schol:
465 2822 616 2881 „omnem
669 2822 802 2866 causam
852 2807 1065 2866 adolescentis
1115 2822 1216 2866 senex
1265 2808 1453 2882 amputavit,

284 2936 340 2996 pro
375 2936 433 2980 suo
468 2920 562 2979 senili
598 2921 766 2980 commodo
802 2936 935 2994 rogans:
972 2921 1132 2995 potuisset
1162 2921 1249 2980 enim
1273 2921 1456 2981 adolescens

285 3033 406 3094 dicere:
450 3050 547 3107 quam
590 3051 646 3109 pro
687 3051 741 3094 me
777 3050 888 3094 curam
922 3035 1017 3110 geris,
1053 3035 1137 3094 hanc
1170 3050 1281 3110 precor
1315 3051 1372 3110 pro
1406 3051 1456 3094 me

285 3148 457 3221 deponas.’'
489 3149 608 3221 Utique
637 3149 776 3208 alterum
799 3164 870 3222 pro
894 3164 954 3208 me
979 3148 1203 3207 abiiciendum.
1230 3147 1348 3208 Curam
1373 3148 1456 3207 enim

285 3281 355 3339 pro
395 3264 537 3337 aliquo
576 3278 739 3337 gerere,
772 3278 836 3321 non
866 3277 942 3321 vero
974 3276 1045 3336 pro
1077 3262 1219 3334 aliquo
1251 3263 1456 3336 deponere

285 3393 469 3453 possumus.
494 3378 534 3436 Et
556 3392 612 3450 pro
637 3375 931 3435 adolescentis
954 3375 1024 3448 lege
1048 3374 1325 3434 adolescenti.

331 3492 476 3550 Senem
508 3506 602 3550 sese
634 3490 792 3559 dicere]
828 3489 925 3564 „illud
948 3491 1058 3562 posset
1081 3503 1176 3562 agere
1200 3490 1327 3548 amator
1350 3490 1456 3548 contra

287 3605 462 3665 utilitatem
482 3619 593 3664 suam:
616 3604 673 3663 sed
693 3619 757 3663 non
776 3604 903 3677 poterat
914 3601 1000 3661 filius
1013 3604 1124 3662 contra
1136 3601 1313 3661 utilitatem
1326 3601 1455 3676 patris”

286 3721 347 3780 Pro
371 3718 478 3779 illud
501 3719 571 3792 lege
595 3718 714 3778 aliud
739 3721 793 3787 (sc.
819 3732 917 3790 quam
941 3717 1024 3789 quod
1048 3718 1139 3790 pater
1161 3715 1280 3785 vellet).

332 3833 474 3908 Quatuor
508 3848 593 3893 nunc
627 3832 776 3906 deinceps
811 3831 851 3890 ad
881 3831 965 3891 hano
988 3845 1120 3889 scenam
1144 3829 1267 3890 scholia
1290 3830 1454 3902 annotabo²

286 3950 325 4008 de
349 3947 464 4021 quibus
488 3947 723 4021 desperandum
746 3945 910 4004 videatur:

332 4063 384 4121 47.
420 4060 602 4120 Pudorin
637 4074 743 4119 anne
779 4059 929 4129 amori]
969 4058 1094 4133 „latens
1129 4057 1349 4117 excusationis
1379 4057 1456 4117 ratio

287 4175 449 4251 explicata
484 4175 565 4234 est.'’
599 4173 696 4249 (Quae
726 4173 938 4247 praecedunt:
973 4172 1039 4248 „sic
1071 4172 1211 4232 ostendit
1234 4173 1268 4231 in
1291 4173 1456 4244 utramque

286 4291 413 4365 partem
444 4291 481 4349 ut
510 4291 640 4348 tantum
671 4288 704 4364 in
731 4288 839 4348 animo
863 4287 992 4347 honesti
1015 4286 1228 4346 adolescentis
1251 4287 1352 4361 pudor
1376 4301 1455 4345 amo·

288 4419 357 4462 rem
391 4403 517 4462 vincere
548 4402 732 4461 debuisset”
764 4403 851 4461 recte
882 4416 901 4460 a
931 4400 1157 4460 Westerhovio
1181 4400 1353 4459 emendata
1375 4399 1454 4470 sunt,

289 4520 430 4576 tamen
453 4532 509 4590 pro
534 4517 700 4577 tantum
724 4515 934 4584 conficiente).
