3234 5254
725 668 786 728 169

166 857 316 931 loquitur,
341 860 452 916 tamen
476 859 551 930 quid
575 858 658 916 sibi
679 858 823 917 evenerit
842 873 879 916 eo
900 857 1117 928 demonstrat;
1138 855 1338 914 indeilebilis

167 973 298 1031 exsistit
328 972 439 1046 oratio,
471 972 628 1045 planeque
659 971 788 1030 diversa
818 970 857 1030 ab
886 986 932 1045 ea,
958 985 1021 1043 qua
1043 985 1141 1043 supra
1163 969 1202 1028 de
1226 969 1339 1028 eadem

166 1101 200 1144 re
232 1088 341 1145 actum
377 1087 443 1145 est:
478 1085 532 1145 hio
566 1085 653 1144 enim
688 1085 760 1144 leno
792 1085 880 1144 solus
911 1084 1083 1158 loquitur.'’
1115 1083 1198 1142 Hoc
1229 1082 1339 1142 enim

166 1199 425 1273 exprimitur
448 1214 560 1258 vereor
583 1200 620 1258 ut
643 1214 760 1258 sanum
785 1199 837 1258 sit.

210 1425 250 1500 II,
277 1426 306 1498 2,
334 1425 361 1483 1.
387 1439 434 1497 sq.
459 1424 521 1482 His
544 1423 651 1484 verbis
676 1422 904 1496 Ctesiphonem
928 1422 1053 1482 lenonis
1073 1421 1251 1481 vindictam
1273 1437 1337 1480 me·

91 1549 93 1556 ’
164 1539 313 1597 tuentem
337 1535 506 1620 confirmat
530 1537 648 1609 Syrus:

255 1650 346 1725 Tace,
373 1652 501 1724 egomet
521 1649 711 1709 conveniam
732 1649 798 1709 iam
818 1649 942 1723 ipsum:
965 1649 1076 1722 cupide
1097 1649 1233 1722 accipiat
1252 1648 1338 1722 iax0,

1057 1763 1165 1835 [atque
1190 1761 1290 1820 etiam

254 1878 341 1936 Bene
365 1877 451 1936 dicat
474 1891 586 1936 secum
611 1892 682 1935 esse
707 1878 826 1935 actum.

163 1993 273 2051 Bene
297 1992 411 2050 dicat
434 2007 575 2050 secum
600 2006 693 2050 esse
718 1993 875 2062 actum]
905 1993 1064 2066 ,actum
1087 1992 1174 2050 recte
1194 1991 1339 2050 additum

164 2107 247 2165 est.''
282 2105 429 2165 Primum
464 2104 578 2164 scholii
613 2105 749 2164 verbum
781 2105 889 2179 inepte
920 2121 937 2164 e
968 2103 1123 2164 lemmate
1154 2104 1338 2178 repetitum.

163 2220 279 2279 Verbis
310 2219 396 2278 euim
424 2235 505 2292 quae
529 2221 725 2292 sequuntur:
754 2236 851 2294 ,nam
873 2219 978 2279 multa
1000 2219 1101 2278 etiam
1124 2218 1236 2292 cupide
1260 2217 1338 2277 acci-

163 2333 282 2408 pimus,
319 2333 365 2392 ita
399 2335 511 2392 tamen
546 2335 582 2391 ut
617 2333 703 2392 male
735 2332 903 2392 nobiscum
936 2348 1007 2393 esse
1038 2332 1184 2391 dicamus
1207 2332 1338 2390 actum''

163 2448 406 2507 demonstratur
447 2463 511 2506 uon
546 2449 686 2506 ectum
722 2449 809 2507 recte
844 2462 915 2506 esse
952 2447 1097 2506 additum
1139 2446 1195 2505 sed
1236 2446 1339 2505 bene

163 2565 280 2624 dicat
311 2579 453 2623 seeum
486 2578 579 2622 esse
611 2565 759 2622 actum.

211 2678 239 2736 2.
264 2676 347 2736 Turn
371 2677 411 2736 ad
434 2678 585 2736 lenonem
610 2691 802 2736 conversus:
827 2677 927 2752 ,Quid
947 2677 1032 2735 istuc
1052 2675 1171 2735 Sannio
1191 2691 1217 2734 e.
1240 2692 1269 2749 q.
1290 2677 1338 2735 s.’'

163 2791 219 2849 ait.
256 2790 378 2849 schol:
418 2791 516 2865 ,Vide
552 2805 650 2863 quam
685 2791 850 2864 ingeniose
884 2791 1062 2863 Terentius,
1095 2789 1150 2862 qui
1180 2804 1277 2864 supra
1301 2789 1339 2848 ab

162 2903 326 2963 Aeschino
360 2904 486 2963 lenonis
518 2904 649 2963 nomine
680 2905 758 2963 facit
789 2904 985 2964 Sannionem
1016 2903 1133 2978 vocari,
1166 2905 1277 2977 utpote
1301 2903 1340 2961 ab

162 3016 295 3076 homine
328 3017 491 3090 arroganti
522 3019 555 3076 et
585 3017 683 3076 feroci
711 3018 749 3076 ob
775 3019 917 3078 aetatem
941 3019 974 3076 et
996 3018 1171 3091 negotium,
1198 3018 1232 3075 at
1255 3017 1341 3076 hunc

161 3131 278 3190 blande
318 3130 626 3190 circumvenientem
667 3130 930 3192 honorificentius
968 3130 1091 3190 inducit
1121 3145 1196 3190 cum
1226 3131 1341 3190 lenone

161 3247 250 3318 loqui
292 3248 324 3305 et
366 3247 562 3306 Sannionem
602 3262 677 3306 eum
712 3249 859 3307 voeare.'’
895 3248 974 3306 Post
1007 3246 1224 3320 negotium
1258 3245 1339 3303 inse-

162 3359 300 3418 rendum
341 3359 470 3419 videtur
508 3362 704 3421 alienum.
740 3362 845 3421 Ferox
880 3361 966 3420 enim
1002 3360 1157 3419 adversus
1191 3359 1341 3418 lenonem

161 3472 224 3532 iuit
266 3473 456 3549 Aeschinus
498 3477 531 3534 et
566 3475 641 3548 quia
676 3475 803 3534 iuvenis
838 3477 888 3534 est
923 3477 955 3534 et
989 3475 1064 3548 quia
1097 3489 1161 3533 non
1196 3488 1256 3532 sua
1289 3487 1341 3531 res

162 3587 327 3660 agebatur.

209 3701 321 3772 9sqq.

253 3814 405 3888 Metuisti,
432 3815 461 3873 si
485 3831 571 3875 nunc
595 3816 633 3875 de
657 3818 712 3875 tuo
733 3815 801 3875 iure
822 3816 1038 3876 concessisses
1058 3815 1225 3889 paululum
1245 3817 1342 3888 atque

252 3926 460 3987 Adolescenti
481 3943 570 3988 esses
590 3929 814 4004 morigeratus,
836 3928 1006 3989 hominum
1026 3929 1123 3988 homo
1136 3928 1339 4003 stultissime,

253 4041 300 4100 Ne
325 4057 390 4101 non
413 4042 473 4102 tibi
497 4044 582 4104 istuc
605 4044 809 4104 foeneraret?

164 4155 360 4214 Sannionem
395 4157 476 4216 haec
510 4159 603 4231 rogat
640 4159 750 4231 Syrus.
787 4158 909 4217 schol:
945 4157 1044 4232 ,bene
1075 4159 1144 4216 tuo
1169 4157 1276 4232 iure,
1301 4171 1341 4215 ne

163 4268 300 4327 diceret:
336 4285 415 4328 non
450 4272 542 4330 erat
576 4287 644 4330 res
679 4287 769 4330 mea
804 4287 923 4344 quam
954 4271 1148 4330 venalem
1180 4269 1339 4329 habui.’'

164 4382 331 4442 Sententia
363 4385 429 4442 est:
457 4384 654 4457 ,periculum
679 4386 748 4443 erat
771 4400 811 4443 ne
834 4384 917 4458 leno,
941 4386 979 4442 ut
1001 4384 1035 4442 in
1057 4383 1250 4442 Phormione
1274 4382 1337 4457 ille,
1379 4357 1383 4365 ⁴

164 4495 300 4554 diceret:
326 4469 390 4556 non
414 4499 465 4556 est
487 4513 570 4574 mea,
597 4499 663 4557 iam
686 4498 815 4557 vendidi
838 4498 924 4557 alii.”
